2972 4836
518 341 561 356 ¹-
619 329 702 372 ΧΧΙΙΙ
761 343 804 358 ·-·

208 474 341 552 ‚‚Gerte,
362 485 397 536 ut
418 472 462 536 eit
487 471 565 538 Gelo
585 477 720 542 Praolst.
746 475 860 559 Opuec.
883 482 1032 561 mythol,
1053 480 1200 544 laudatur

112 578 284 640 Cornutus
305 575 433 658 quidem
455 599 473 640 a
495 577 617 655 Gellio,
644 581 823 660 lllocrubio,
843 582 981 660 Seruios
996 582 1138 646 Charisia
1160 586 1200 646 ab

114 701 254 761 eaquae
275 681 307 741 in
323 679 492 758 Virgilium
514 695 737 746 commentatus
757 685 851 746 erat.”
894 687 953 763 „Et
973 687 1114 748 meminit
1131 688 1200 768 qui·

115 781 188 842 dem
214 781 354 858 Gallina,
375 795 411 843 ut
436 783 480 844 ait
504 785 653 846 Brucker.
676 807 706 864 p.
727 787 804 864 537,
836 787 968 851 Cornuti
990 787 1199 866 Granrmalici,

116 906 215 968 quem
242 889 326 948 lsaud
345 910 415 950 sanc
434 889 575 950 deductum
598 901 624 950 et
644 891 803 966 ignobilem,
836 903 867 952 et
888 889 964 951 alibi
984 895 1120 954 hominem
1139 895 1198 974 plc-

116 1012 211 1070 ποιμα
231 993 294 1052 alia
313 1011 367 1050 uun
389 992 530 1052 induciam
553 1013 602 1054 nec
622 995 822 1072 imprudentms
845 1006 943 1072 vocat,
965 994 1093 1076 uittaque
1116 1013 1198 1054 com·

117 1092 310 1152 mentm-inm
341 1092 374 1152 in
405 1093 575 1172 Virgilium
603 1089 761 1176 laudnt).
814 1097 871 1158 An
902 1098 984 1159 hunc
1009 1115 1035 1159 u*
1057 1095 1198 1158 Cornuto
1299 1101 1308 1122 ⁰

119 1352 188 1405 simo
203 1371 310 1424 suaque
328 1363 413 1407 aetate
438 1352 583 1407 clarissimo
602 1353 761 1428 philosopho
779 1355 850 1410 illius
867 1376 935 1428 opus
954 1377 1002 1428 pro
1021 1357 1196 1411 fundamento

119 1441 180 1492 nori
197 1441 334 1494 condendi
353 1441 500 1497 adhibitum
521 1461 584 1497 ease.
627 1442 767 1516 Quidquid
790 1464 851 1500 vero
876 1445 954 1498 huius
978 1448 1016 1498 rei
1041 1457 1093 1510 est,
1120 1445 1198 1499 buius

119 1549 148 1582 ex
163 1527 278 1584 Cornuti
297 1529 368 1584 libro
383 1528 551 1586 historiarum
569 1531 639 1585 malo
657 1545 795 1604 sumptum
810 1543 904 1605 putare
925 1534 1103 1606 [raginerium
1122 1531 1196 1598 illud,

118 1620 192 1672 coires
209 1618 245 1670 de
260 1618 338 1672 lonte
352 1618 416 1672 milii
435 1638 496 1672 cum
512 1619 569 1674 aliis
588 1640 644 1676 non
664 1620 754 1694 liquet,
774 1622 856 1694 quod,
875 1623 895 1675 si
915 1623 996 1679 modo
1016 1621 1067 1676 side
1083 1621 1196 1692 dignum

118 1717 168 1772 est,
193 1726 210 1760 a
230 1705 329 1760 Beiero
348 1707 380 1760 ad
401 1705 459 1760 Cic.
478 1705 534 1760 Oli.
559 1707 594 1760 Τ.
611 1709 643 1762 ll.
670 1729 696 1782 p.
715 1714 768 1764 ltu
792 1709 909 1766 monitus
931 1709 1039 1764 labnius
1065 1729 1090 1779 p.
1107 1723 1141 1760 xx
1166 1729 1195 1762 ex

118 1793 243 1865 Saoppae
262 1793 410 1848 Collectan.
430 1813 453 1847 c.
473 1799 489 1846 2
512 1793 605 1864 (Grut.
625 1796 718 1870 Lamp.
742 1798 776 1854 T.
796 1800 816 1852 l.
842 1819 868 1870 p.
885 1800 952 1867 8⁹5)
975 1799 1066 1852 allent:
1092 1796 1195 1865 „Quod

116 1902 237 1934 summas
255 1885 343 1936 lanus
364 1883 463 1937 dicitur
486 1902 589 1938 summa
615 1905 677 1956 pars
701 1885 765 1954 eici,
791 1885 820 1941 ia
843 1903 897 1957 quo
916 1885 1055 1939 colebatur
1073 1887 1153 1938 lanus
1170 1895 1197 1940 et

116 1970 252 2042 templum
269 1969 398 2037 hahebat,
423 1969 558 2026 Cornutus
582 1972 755 2044 philosophus
774 1971 807 2024 de
827 1972 900 2026 urbis
917 1973 1019 2026 Romae
1040 1971 1196 2042 antiquitate

118 2059 155 2112 ad
175 2059 362 2112 Palaemonem
382 2059 585 2130 grammaticum
604 2059 670 2116 haec
692 2061 810 2114 scribens
833 2060 995 2130 apertissime
1014 2058 1124 2112 indicat:
1153 2058 1196 2111 in·

117 2150 178 2220 quit
197 2148 286 2201 enims
305 2149 366 2200 lani
384 2148 512 2218 ternplum
531 2148 627 2220 laisaris
646 2147 743 2214 [Beier.
763 2147 896 2219 biformis]
914 2147 943 2200 in
961 2147 1029 2200 clivo
1048 2145 1197 2215 Capitolino

117 2237 329 2290 urunndmam
353 2237 485 2290 crustatis
510 2239 663 2290 nsarnaoret's
688 2239 732 2292 vel
754 2257 769 2290 e
794 2239 886 2290 Pariis
912 2236 1041 2288 columnis
1063 2235 1194 2288 vidimus.-

118 2326 182 2395 pus'a
199 2327 230 2377 in
248 2325 333 2378 medio
344 2325 402 2378 aius
417 2325 481 2376 clivi
496 2327 638 2378 samraitos
650 2329 737 2383 lanas
753 2341 881 2384 summus.
899 2335 927 2378 et
945 2326 1014 2380 imus
1032 2324 1061 2378 irs
1077 2333 1195 2378 extremo

117 2414 184 2465 cliro
202 2413 377 2482 appellatur:
394 2412 442 2464 nhs'
452 2415 555 2466 Puteal
571 2424 598 2466 st
611 2413 783 2484 feneratores
801 2412 967 2466 incolerent.’'
1003 2411 1193 2484 Philosophum

115 2501 189 2554 hunc
202 2499 356 2554 Garamum
374 2503 503 2573 appellari
522 2502 588 2556 nihil
607 2521 712 2559 moror:
731 2503 777 2556 aed
794 2500 941 2568 latendum,
961 2503 1089 2574 temporie
1103 2500 1123 2554 si
1138 2499 1194 2554 sola

116 2592 183 2644 ratio
201 2589 330 2656 hahetur,
347 2591 446 2644 librum
465 2591 498 2645 ad
516 2591 704 2648 Palaemonem
724 2591 928 2662 grammaticum
946 2590 1075 2660 scriptum
1095 2587 1196 2658 proba·

117 2679 197 2732 bilius
221 2697 237 2732 a
263 2675 386 2732 Cornuto
413 2678 572 2754 philosopho
600 2697 680 2751 quarn
708 2679 741 2732 ab
769 2676 896 2732 historico
921 2679 1071 2750 proiectum
1097 2674 1193 2747 putari.

116 2765 300 2836 Eiusdemque
318 2765 448 2832 Cornuti,
466 2768 597 2840 siquidem
616 2785 667 2839 pro
686 2776 760 2838 patre
778 2763 928 2837 philosophi
947 2762 1115 2833 cognominis
1131 2775 1194 2812 eum

116 2853 216 2908 babere
235 2855 276 2906 las
293 2866 346 2922 est,
374 2857 537 2911 mentionem
557 2857 585 2910 iu
603 2856 664 2910 loco
688 2854 853 2926 perobscura
876 2852 1005 2923 reperiere
1023 2847 1087 2902 mihi
1103 2847 1195 2900 videor

115 2941 235 2994 Charisii
252 2941 284 2996 ll.
301 2962 327 3012 p.
343 2946 408 3008 181,
425 2945 470 2997 ubi
487 2961 562 2996 nunc
579 2941 716 3013 vulgatura
742 2940 872 2992 Caecilius
891 2955 994 3010 quoque
1012 2947 1043 2990 ut
1062 2937 1195 2987 Annaeus

116 3035 254 3082 Cornutus
269 3028 335 3081 libro
355 3029 411 3082 tab.
429 3039 567 3084 uastarunt
590 3030 680 3097 patris
703 3028 763 3078 sui:
790 3027 921 3094 Profecto
940 3037 990 3080 etc.
1026 3021 1102 3076 tlaud
1126 3019 1196 3073 malo

116 3115 318 3169 Lindemannus
333 3115 498 3186 fabularum
517 3116 545 3168 in
571 3112 626 3166 tab.
652 3113 733 3166 latere
756 3112 904 3180 suspicatus
927 3121 980 3173 est,
1004 3127 1054 3179 pro
1073 3105 1128 3158 tab.
1147 3125 1195 3157 ca-

117 3215 221 3260 starum
240 3203 347 3257 lahnius
365 3223 391 3276 p.
408 3219 452 3258 xxt
474 3201 618 3275 legendum
641 3197 780 3269 proposuit
801 3195 1018 3252 tabernariarum
1035 3207 1062 3250 et
1080 3195 1114 3250 lta
1133 3193 1196 3267 qui-

116 3295 177 3346 dem
196 3305 226 3346 ut
244 3291 271 3344 in
291 3311 346 3362 seq.
361 3293 450 3361 patris
467 3292 511 3344 eni
526 3290 605 3344 lateat
624 3286 788 3342 tabernariae
806 3285 917 3341 alicuius
936 3305 1045 3351 nomen,
1066 3285 1138 3357 quod
1154 3283 1193 3338 vel

116 3382 176 3434 ideo
193 3379 331 3451 displicet,
354 3379 427 3452 quod
447 3379 497 3434 tale
515 3397 615 3432 nomen
633 3373 765 3448 singulare
784 3395 845 3430 cum
866 3375 1084 3446 praecedentibus
1102 3375 1197 3430 conci·

115 3471 174 3524 liari
193 3489 250 3523 non
272 3487 348 3541 posse
365 3468 477 3523 ridetur.
511 3466 641 3540 Repositis
658 3464 723 3530 aliis,
744 3463 835 3536 quiin
858 3474 985 3535 promptu
1003 3473 1073 3528 nant,
1095 3460 1196 3532 ingenii

115 3559 226 3622 lusibus,
244 3577 330 3612 ιιιιιιιιι
348 3575 399 3629 ego
419 3556 470 3610 hoc
488 3575 538 3626 pro
556 3567 629 3610 certo
646 3552 965 3620 labeo„uommemorari
985 3551 1030 3606 illo
1048 3549 1109 3604 loco
1127 3569 1196 3620 qua-

115 3637 244 3718 licuirque
262 3645 371 3702 landem
387 3646 490 3702 ratione
507 3644 670 3700 restituendo
688 3644 785 3700 librum
801 3640 915 3696 Coruuu
934 3640 1015 3713 patris
1031 3657 1046 3694 a
1064 3639 1119 3692 filio
1136 3637 1198 3708 pli«

116 3735 245 3806 loaopho,
274 3734 320 3806 qui
345 3745 391 3788 aut
413 3731 536 3791 secundis
557 3735 628 3788 curis
652 3731 803 3804 expoliterit
828 3741 873 3786 aul
899 3729 1063 3801 praelatione
1087 3723 1194 3788 ntuserit,

117 3824 273 3896 vulgatum]

187 3913 211 3978 ')
230 3912 274 3980 [ln
292 3910 405 3964 dubium
423 3929 437 3964 a
457 3909 593 3966 nonnullis
610 3927 695 3982 quum
710 3919 830 3962 vocatum
849 3916 923 3972 esset,
941 3902 1047 3957 Stoicus
1060 3897 1196 3952 Cornutus

118 3999 223 4054 idemne
242 4011 311 4054 esset
329 4017 391 4054 cum
410 3997 594 4054 Grammatico
619 3996 795 4067 cognomine,
822 3992 866 4046 hic
882 3991 936 4043 illic
954 4007 968 4042 a
986 3985 1117 4042 veteribus
1136 3985 1195 4040 lau-

119 4085 194 4152 dato,
222 4085 398 4160 probabiliter
416 4103 490 4140 nunc
509 4083 621 4141 maxime
639 4101 669 4136 ex
688 4093 839 4154 temporum
859 4076 1041 4132 conuenientia
1058 4076 1196 4148 utriusque

118 4171 261 4230 lllartinius
280 4194 307 4248 p.
318 4177 353 4228 19
365 4193 420 4246 seq.
437 4173 534 4240 statuit,
553 4191 607 4226 non
627 4187 776 4243 possedon
795 4167 828 4220 de
848 4182 902 4219 uno
921 4164 1069 4236 eodemque
1087 4163 1196 4216 hornine
