2774 4840
450 319 686 382 -ddi-

14 488 206 551 intellectus
233 487 364 550 etetuo.”
414 483 498 548 ldem
516 484 542 568 1)
571 485 616 548 eiu
645 484 806 568 loquitur:
838 485 940 564 „Hine
964 485 1107 567 requitur

14 604 167 652 mentem
189 593 353 653 humanam
381 601 502 669 portem
531 607 596 650 eene
625 587 742 650 infiniti
768 588 944 651 intellectus
974 586 1042 667 dei,
1072 611 1107 651 ae

16 693 164 773 proinde
186 715 256 756 cum
274 693 415 769 dicimus,
439 703 574 754 mentem
595 692 760 754 humanam
782 693 851 768 hoc,
870 691 921 753 vel
940 689 1019 752 illud
1035 711 1108 770 per·

15 797 159 875 spicere,
179 796 259 858 nihil
281 794 364 857 aliud
388 794 528 871 dicimur,
550 814 645 876 quam
666 793 752 876 quod
769 789 854 870 deue,
869 811 939 872 ‚non
956 805 1109 875 quotenne

16 897 170 959 inlinitue
188 910 244 972 eet,
266 896 321 960 eed
340 909 494 980 quatenus
515 919 573 978 per
594 910 738 959 naturam
757 898 910 958 humanae
925 896 1039 958 tuentia
1056 915 1111 958 ex·

18 999 175 1079 plicatur,
195 1001 262 1063 eive
278 1012 432 1082 quotenne
450 1001 603 1060 humanae
620 999 733 1063 mentia
753 1000 915 1062 ementium
939 999 1109 1074 constituit,

18 1103 106 1163 hanc
142 1103 193 1165 vel
222 1103 308 1163 illam
339 1101 434 1162 habet
467 1099 596 1162 ideam.’'
644 1101 730 1164 Idem
746 1101 775 1182 2)
809 1122 935 1185 quoque
969 1100 1110 1162 dixerat:

19 1204 223 1282 „eubetnntin
243 1203 380 1282 cogitans
402 1215 433 1264 et
455 1203 627 1266 eubetantie
649 1214 776 1264 extenta
798 1224 860 1265 nne
879 1201 1049 1284 eademque
1064 1214 1111 1264 eet

20 1305 219 1381 substantia,
248 1325 328 1388 quae
349 1305 409 1366 iam
433 1305 490 1366 auh
511 1306 587 1383 hoc,
614 1305 676 1366 iam
698 1307 755 1368 eub
776 1305 834 1368 illo
855 1306 1008 1368 attributo
1029 1325 1111 1367 com-

22 1405 248 1489 prehenditur.
302 1407 353 1470 Sic
382 1396 474 1468 e¹tiam
503 1406 614 1471 modus
644 1409 836 1470 extensionis
867 1421 898 1471 et
925 1409 997 1472 idea
1026 1411 1110 1471 illiue

22 1508 117 1571 modi
146 1531 208 1572 uua
233 1508 402 1592 eademque
427 1522 472 1572 eet
494 1530 561 1588 ree,
593 1499 647 1572 eed
676 1509 797 1574 duobue
821 1512 922 1575 modin
947 1533 1111 1594 expressa3

23 1611 116 1694 quod
137 1612 264 1695 quidam
279 1614 494 1674 Hebraeorum
516 1613 605 1696 queei
627 1633 686 1695 per
706 1615 850 1678 nebulam
871 1615 985 1679 vidieee
1002 1613 1112 1676 viden·

2 1751 3 1782 t
23 1727 92 1788 tur,
116 1715 172 1797 qui
192 1716 310 1778 ecilioet
330 1728 482 1793 etatuunt,
510 1715 612 1794 deum,
639 1716 691 1778 dei
712 1718 915 1796 intellectum,
936 1737 1050 1800 reaque
1071 1717 1110 1776 ab

24 1817 100 1897 ipeo
124 1817 298 1881 intellectae
322 1815 417 1880 unum
440 1830 472 1879 et
494 1817 578 1880 idem
599 1839 675 1881 eeee.

119 1921 208 1981 Hanc
234 1932 338 1982 autem
364 1919 661 2000 praestantissimam
687 1920 883 2002 antiquitatis
910 1921 1113 2001 philosopho·

27 2043 104 2084 rum
127 2022 222 2084 luieee
250 2023 449 2104 opinionem,
476 2024 520 2086 eic
548 2032 654 2084 monet
681 2025 861 2086 Macrobius
875 2022 919 2107 5);
952 2029 1112 2086 ammarum

27 2132 165 2204 arigim
187 2149 308 2188 metiore
333 2128 370 2188 de
396 2129 472 2188 coelo
495 2133 566 2190 ider
593 2141 668 2190 recte
692 2130 915 2210 philosophantes
937 2129 1114 2190 indubitatae

28 2241 142 2292 condat
162 2250 221 2290 esse
242 2233 402 2293 semine.
445 2227 484 2288 Et
511 2226 636 2310 quidem
659 2228 742 2308 apud
764 2228 886 2292 Stoicos
908 2249 926 2290 e
947 2230 1113 2310 purieeime

2 2399 3 2402 ,
29 2332 112 2394 coeli
132 2343 240 2413 parte,
270 2351 287 2392 e
309 2330 574 2411 praestantissimo
595 2331 733 2393 fluebant
759 2332 880 2392 animae
907 2330 1016 2392 mundi
1040 2352 1113 2412 par·

2 2485 4 2496 .
29 2435 144 2511 ticula,
178 2434 294 2495 scilicet
317 2454 333 2494 e
355 2431 509 2496 sideribus
531 2445 562 2496 et
585 2435 729 2514 aethere,
760 2455 852 2518 quem
875 2435 915 2495 ob
939 2436 1018 2495 hanc
1043 2453 1114 2494 cau·

2 2605 3 2610 ,
31 2559 100 2600 sam
121 2535 419 2618 Pseudo-Orpheus
435 2535 464 2621 4)
494 2549 585 2599 vocat
611 2537 825 2620 πυρίπνουν,
854 2539 959 2604 πᾶσιν
983 2534 1114 2618 §docete

2 2683 3 2712 1
33 2647 204 2723 ἕναυσμα,
226 2653 257 2702 et
280 2634 408 2722 κόσμου
430 2651 590 2725 στοιχεῖον
611 2635 767 2722 ἄριστον,
790 2636 876 2720 quod
898 2658 934 2701 eo
956 2639 1113 2702 animante

33 2742 138 2803 omnio
159 2753 353 2820 regerentur.
406 2740 539 2802 Animus
562 2741 730 2804 eorundum
752 2745 913 2804 Zenonem
936 2752 967 2800 et
990 2739 1115 2802 Cicero·

1 2911 4 2922 ,
34 2865 106 2906 nem
118 2843 146 2926 ⁵)
166 2845 344 2908 hominibus
362 2843 452 2906 detue
470 2857 516 2906 eet
532 2863 572 2905 ex
586 2844 650 2906 illie
668 2845 866 2927 sempiternie
880 2844 1013 2923 ignibus,
1032 2857 1114 2924 quoe

2 3015 3 3026 χ
34 2945 136 3009 sidera
157 2959 188 3008 et
211 2949 316 3010 atellae
340 2951 475 3029 voeatie3
497 2969 577 3032 quae
598 2949 743 3028 globoeae
766 2958 797 3008 et
815 2944 978 3021 rotundae,
998 2943 1113 3006 divinie

2 3095 3 3128 ,
35 3050 186 3112 animatae
216 3050 390 3127 mentibus,
419 3071 491 3114 euoe
519 3053 610 3113 orbee
638 3049 804 3112 conficiunt
835 3047 993 3110 celeritate
1019 3045 1113 3106 mire·

2 3229 3 3232 Ἴ
36 3151 103 3214 bili.
144 3152 260 3215 Seneca
278 3151 306 3236 6)
337 3153 412 3215 dicit
441 3153 600 3216 hominem
629 3151 730 3214 divini
752 3149 881 3232 spiritus
903 3169 968 3212 eeee
991 3160 1114 3229 partem

2 3303 3 3336 ,
38 3276 74 3315 ao
94 3255 191 3316 veluti
210 3260 344 3318 scintillas
364 3255 514 3338 quaedam
536 3279 684 3320 sacrorum
705 3255 737 3316 in
761 3266 862 3316 terrae
884 3250 1045 3314 deeiluieee
1067 3261 1114 3312 nt·

2 3407 3 3440 ,
40 3377 100 3439 que
127 3356 229 3418 alieno
256 3358 325 3420 loco
347 3360 498 3439 heeeieee3
531 3361 585 3422 ubi
607 3357 774 3443 Lipsiufl)
794 3375 854 3438 pro
874 3378 1022 3420 sacrorum
1044 3352 1114 3414 leli·

39 3459 115 3520 citer
134 3457 278 3522 emendat
300 3474 453 3526 aurorum.
496 3462 548 3524 stc
570 3461 745 3525 Heraclitus
763 3459 923 3542 Phyeioue,
944 3468 1023 3520 teate
1044 3457 1113 3518 Ma·

108 3641 137 3710 l)
154 3640 286 3696 Cor-oller.
305 3661 413 3714 propos.
433 3643 479 3696 xl.
498 3661 557 3715 pag.
575 3646 619 3698 tu.
637 3642 681 3712 [Τ.
702 3643 734 3698 ΙΙ.
752 3662 779 3714 p.
796 3645 831 3695 st
850 3640 892 3696 ed.
912 3639 1008 3707 Paule]

109 3729 137 3798 2)
154 3727 260 3784 Etbnio.
273 3743 339 3802 part.
351 3733 383 3784 ll.
395 3731 476 3785 schol·
489 3751 596 3804 propos.
609 3734 670 3786 vlt.
684 3751 710 3803 p.
717 3735 762 3788 to.
783 3731 826 3799 [T.
836 3732 869 3784 ll·
883 3749 909 3800 p·
919 3728 953 3782 82
969 3727 1010 3780 ed.
1017 3723 1111 3792 Pauli]

110 3816 139 3884 8)
157 3815 251 3870 Somn.
269 3817 343 3891 Scip.
363 3822 382 3886 l,
402 3823 427 3874 ll.
446 3839 472 3892 p.
492 3823 536 3876 88.
561 3820 613 3889 [De
632 3819 736 3892 origine
758 3819 910 3874 animorum
929 3836 953 3872 e.
973 3813 1113 3886 Augustin-

42 3905 120 3978 Epist.
138 3907 193 3974 22]

108 3993 138 4062 t)
155 3992 276 4048 Aetheris
291 3992 383 4064 hymn.
404 4016 426 4047 e.
444 3999 460 4050 8
481 4006 506 4050 et
524 4001 549 4049 ⁴.
585 3995 616 4064 5)
635 3993 731 4050 Somn.
750 3993 823 4066 Soip.
842 4015 865 4051 c·
884 3999 909 4050 8.

109 4080 138 4148 d)
155 4081 198 4136 De
214 4081 271 4137 otio
287 4082 398 4154 sapient.
416 4103 440 4139 c.
457 4087 500 4138 tt.

110 4169 139 4238 l)
156 4168 236 4274 Phpe.
253 4169 335 4226 stole.
353 4171 401 4226 tlt.
416 4171 478 4252 din..
494 4175 517 4225 8.
538 4191 564 4243 p.
582 4174 643 4228 888.
719 4191 722 4203 ·
