2972 4836
687 349 850 404 ...⁸11
923 363 966 376 ...

288 515 315 562 et
344 503 498 583 einqnurtia
524 501 721 581 praestabant.
780 502 817 563 Et
845 503 916 562 ineu
947 501 1058 582 quidem
1087 511 1153 561 tune
1181 505 1222 560 ita
1242 497 1380 580 fiebant.

293 605 411 684 Tempus
438 625 501 664 nero
526 616 552 664 et
577 610 678 665 onitas
699 646 707 664 .
731 644 739 663 .
762 645 772 664 .
792 605 864 666 hano
890 617 1028 686 tammum
1047 605 1184 664 menium
1203 603 1382 662 thesaurum

290 717 316 766 et
338 707 427 764 muita
449 726 539 786 euque
560 707 634 768 bonu
656 713 834 769 continentem
853 711 1079 770 demonstrarunt
1097 705 1129 766 T.
1143 707 1248 766 Ia'uium
1262 726 1381 784 nempe.

288 809 380 869 Alteri
398 829 460 868 veru
490 811 530 870 tttt
550 811 626 870 diuiti
643 822 670 871 et
694 816 818 892 pecuinis
844 813 1051 894 circumfluenti
1071 810 1193 870 Cornuto
1212 807 1381 866 ottanum

289 909 460 990 offuderunt.
514 913 613 993 Quare
640 915 682 974 cei
704 935 775 974 nares
799 916 840 974 nei
856 919 948 992 patius
967 913 1057 973 nutas
1076 933 1139 971 enm
1160 915 1239 968 nunr't.
1285 903 1381 986 (Coc-

288 1025 370 1073 nntns
391 1018 440 1072 iste
456 1011 516 1091 snit
533 1015 651 1095 Leptiter
668 1017 847 1096 piuinsnpims
866 1013 973 1098 (Iaeptis
995 1035 1058 1076 cera
1079 1013 1147 1072 urbs
1166 1007 1300 1090 Africae)
1323 1017 1383 1091 qur·

289 1119 398 1176 Romae
419 1119 485 1176 uixit
505 1117 556 1175 sub
581 1117 693 1178 Nerone
714 1131 740 1178 et
765 1131 830 1180 unte
855 1141 927 1180 erim.
978 1118 1113 1178 Subiutsu
1137 1133 1195 1174 anu
1216 1133 1280 1172 cam
1300 1114 1379 1172 Mu-

288 1225 373 1278 suniu.
415 1221 532 1298 Scripsit
560 1221 648 1280 muita
674 1222 864 1302 piuinmplcicn
893 1233 919 1281 et
947 1211 1099 1298 oratur-cir.)
1142 1214 1226 1274 Haec
1247 1211 1378 1291 Suidas,

288 1321 343 1401 qni
367 1319 514 1398 Leptiteu
537 1320 717 1382 Africanum
743 1321 869 1404 quidem
898 1341 969 1382 eum
997 1319 1091 1380 irrisae
1118 1316 1245 1388 asserit,
1274 1315 1302 1376 si
1324 1327 1378 1376 ta·

289 1441 359 1481 men
384 1441 449 1480 rem
472 1434 556 1482 recte
579 1424 859 1501 aestimaverimus,
881 1443 968 1486 mure
989 1443 1045 1484 suo
1068 1423 1273 1500 homonymos
1296 1437 1376 1480 run·

290 1522 393 1584 inndit
408 1523 447 1606 ³¹⁵).
491 1525 534 1586 Ut
560 1537 714 1587 taceamus
738 1526 820 1585 enim
845 1525 979 1587 Cornuti
1001 1543 1063 1584 uun
1086 1521 1130 1582 ita
1152 1520 1281 1600 periisse
1306 1541 1376 1582 me·

290 1625 431 1700 moriam,
459 1637 493 1684 ut
516 1645 556 1684 ne
579 1646 659 1687 unm
683 1625 809 1706 quidem
833 1647 903 1687 enm
928 1625 1023 1700 norit,
1045 1637 1188 1704 tempora
1212 1643 1274 1686 nou
1297 1643 1374 1686 con·

290 1725 429 1788 cordam.
474 1727 599 1789 Livium
624 1727 706 1788 enim
727 1728 765 1787 L.
784 1727 874 1789 suuis
892 1727 980 1807 prius
997 1725 1121 1802 obiisse,
1143 1745 1236 1806 quum
1254 1725 1289 1786 iu
1306 1726 1376 1787 exi·

289 1831 363 1892 lium
388 1829 498 1890 missua
523 1827 768 1904 cucurrimus,
801 1849 841 1890 ex
863 1829 988 1890 Eusebii
1019 1827 1175 1890 Chronica
1205 1839 1289 1890 recte
1318 1826 1376 1890 de·

290 1931 476 1992 monstrarit
500 1931 536 1991 G.
560 1931 583 1994 i.
605 1930 737 1992 Vossius
749 1928 802 2014 **).
856 1929 922 1992 Nec
951 1930 1006 2012 qui
1031 1929 1165 1992 Cornuti
1191 1929 1374 2006 meminere,

289 2035 382 2095 huius
405 2034 453 2095 rei
475 2033 665 2094 mentionem
688 2033 815 2093 iaciunt.
858 2033 953 2094 Recte
973 2033 1077 2114 itaque
1096 2034 1178 2094 hunc
1196 2032 1373 2095 Cornutum

290 2138 456 2197 obscurum
480 2135 661 2195 historicum
684 2156 701 2195 a
720 2135 909 2213 philosopho
926 2133 1031 2194 Stoico
1050 2132 1288 2197 discernendum
1306 2155 1372 2196 esse

289 2235 466 2298 indicarunt
488 2236 548 2296 viri
573 2235 671 2311 docti,
702 2237 775 2295 licet
798 2237 949 2296 incertum
977 2255 1106 2313 prorsus
1131 2238 1189 2312 sit,
1222 2237 1307 2317 quod
1330 2259 1371 2298 ex

290 2351 432 2420 tempore
456 2335 580 2397 coniicit
602 2336 744 2411 Vossius,
768 2336 862 2396 inisse
883 2356 954 2396 eum
974 2337 1155 2417 philosophi
1179 2338 1326 2417 petrem.”

375 2441 532 2500 Hactenus
553 2438 743 2513 Bruckerus,
765 2437 815 2496 cui
836 2437 987 2500 libentior
1008 2439 1171 2514 assentior,
1194 2438 1368 2502 Cornutum

290 2541 472 2602 historicum
495 2561 512 2598 a
536 2539 723 2618 philosopho
745 2550 829 2600 recte
853 2537 1067 2618 distinguenti.
1118 2543 1160 2604 At
1188 2562 1263 2604 vero
1287 2543 1368 2605 torte

291 2661 353 2704 nun
372 2642 493 2716 Suidan,
516 2641 568 2702 secl
592 2643 657 2702 eins
676 2640 883 2720 exscriptores
906 2643 1112 2724 homonymos
1135 2643 1367 2709 contundentes.

291 2763 331 2804 ex
352 2741 474 2802 dnobus
498 2739 629 2802 diversis
653 2742 792 2802 artimriis
821 2763 917 2802 unum
948 2743 1180 2824 conflaverunt,
1210 2759 1241 2806 et
1268 2747 1311 2807 sie
1336 2747 1367 2808 in

291 2843 386 2904 Suida
410 2863 469 2923 pro
491 2841 574 2901 hisce
595 2841 699 2903 verbis
721 2841 862 2901 historici
884 2841 1017 2905 Coruuti
1038 2846 1121 2906 vitae
1143 2848 1288 2910 subiectis
1309 2835 1367 2912 οῦ-

291 2969 349 3018 roc
377 2941 394 3011 ci
425 2943 624 3026 Κορνοῦτος
650 2941 694 3002 ita
721 2939 886 3018 legendum
915 2945 969 3008 nni
995 2954 1107 3025 ἕτερος
1131 2948 1324 3029 Κορνοῦτος
1350 2941 1367 3012 ὁ

291 3047 467 3130 Λεπτίνης
498 3041 698 3126 meliorquc,
734 3055 769 3104 ut
802 3061 917 3104 aarum
952 3043 1002 3102 iric
1035 3044 1161 3107 inchoes
1196 3047 1367 3111 articulum.

291 3147 385 3208 Certe
402 3146 538 3207 Eudueia
557 3146 589 3205 in
608 3139 720 3210 ’taam
737 3145 805 3206 MS.
829 3146 932 3206 omisit
953 3144 1040 3225 prins
1060 3147 1268 3226 fragmentum
1286 3147 1366 3229 apud

291 3245 418 3308 Suidam
442 3263 607 3306 occurrens
630 3244 669 3306 de
687 3245 837 3306 historica
856 3247 1007 3322 Cornuto,
1030 3247 1115 3328 quod
1136 3262 1220 3312 recte
1237 3271 1297 3331 pru
1314 3271 1366 3312 sua

290 3347 468 3410 incredibili
500 3367 557 3408 nec
589 3368 734 3428 umquam
763 3349 838 3408 satis
866 3347 1020 3408 laudanda
1050 3351 1216 3427 sagacitate
1238 3354 1365 3414 Aeliano
1463 3331 1464 3338 ἵ

292 3449 429 3512 vindicat
450 3447 591 3528 Toupins
615 3447 744 3512 Emend.
768 3450 799 3510 in
825 3449 913 3512 Suid.
941 3451 978 3510 T.
1000 3451 1037 3512 lt.
1069 3473 1100 3531 p.
1125 3455 1196 3516 tot.
1245 3453 1295 3516 Sic
1315 3477 1365 3518 au·

292 3565 354 3614 tem
375 3553 465 3612 hebet
482 3552 666 3631 simpliciter
684 3551 820 3614 Eudocia
844 3553 891 3633 [p.
910 3553 1006 3634 273]:
1029 3553 1226 3638 Κορνοῦτος
1241 3555 1366 3624 Asmi-

292 3725 527 3737 --——-...-..-...

363 3837 400 3904 [')
418 3835 595 3890 Viliuisonus:
616 3838 668 3900 „V.
687 3837 793 3891 Fabric.
810 3835 879 3890 Bibi.
897 3835 944 3890 Gr.
963 3836 1007 3902 ΙΙΙ,
1021 3840 1064 3890 ¹5.
1082 3835 1115 3888 T.
1127 3834 1159 3888 lt.
1178 3854 1205 3906 p.
1219 3839 1281 3890 401.
1314 3835 1362 3890 Ca.

270 3925 411 4005 -ssubono
438 3923 546 3994 quidem
572 3923 659 3976 iudice
678 3923 711 3976 ad
731 3934 846 3996 satyram
867 3923 987 3996 quintam
1008 3923 1091 3976 Persii
1110 3921 1233 3977 Cornuto
1252 3923 1362 3996 philam-

292 4011 346 4083 pho
367 4011 520 4082 inscriptam
541 4011 622 4066 muita
641 4011 673 4065 de
692 4011 744 4065 hoc
764 4011 827 4064 saise
847 4021 873 4065 et
892 4012 981 4082 inepta
995 4009 1099 4077 Suidas,
1119 4009 1162 4064 rui
1179 4007 1259 4064 intem
1273 4011 1361 4066 tabere

293 4107 402 4150 careant
419 4097 556 4168 tirones.”]

366 4185 403 4252 u)
421 4183 462 4236 De
482 4183 538 4240 hist.
557 4187 611 4242 ht.
635 4189 654 4256 1,
674 4195 717 4246 2⁵.
736 4211 762 4263 p.
781 4191 842 4244 131.
