2818 4860
440 333 751 392 -ato-‚

20 501 89 562 leus
111 497 150 561 ad
172 497 298 562 Suidam
316 511 422 560 monet
440 501 603 575 Kusterus,
625 518 711 560 strom
729 483 895 579 ¹praeterea
914 499 1100 563 confirmans

20 601 270 664 emendationem
294 614 328 685 et⁸
346 603 532 672 auctoritate
550 601 719 663 Clementis
734 602 940 666 Alexandrini
957 602 993 688 ¹),
1015 603 1099 684 apud

20 727 114 788 yuem
135 705 257 785 pariter
286 706 334 766 sol
361 725 379 765 a
400 704 514 766 Stoicis
536 700 683 788 άναμμα
706 702 825 790 νοερὸν
846 711 881 772 ἐκ
903 706 1100 773 θαλαττίων

20 800 153 874 ὑδάτων
184 817 321 867 vocatur.
377 806 422 869 Ut
453 807 695 891 Eustalltius2):
731 804 879 891 ἄναμμα
908 799 974 892 γάρ
1002 800 1100 888 ἡλίου

20 906 181 974 θάλασσα’
204 931 306 991 φασιν
329 915 361 976 οἱ
384 911 543 987 παλαια),
570 911 813 993 προστιθέντες
835 909 887 976 sol
908 901 947 974 τά
969 903 1100 992 νσιρόν,

20 1015 54 1074 ἔν
76 1010 121 1097 τῷ
146 1014 253 1076 εἰπεῖν
276 1006 422 1096 ἄναμμα
441 1006 561 1094 νοερὸν
580 1008 618 1080 τὸ
639 1017 674 1077 ἐν
697 1007 870 1092 θαλάττης
892 1003 1099 1089 άναττιμαό-

20 1137 137 1178 ιιενσν.
181 1111 265 1174 Vide
293 1107 373 1196 qu'ae
400 1115 609 1197 sPorphyrii
639 1113 677 1176 de
705 1127 796 1175 antro
823 1112 1038 1193 Nympharum
1061 1109 1099 1169 li·

20 1215 103 1274 hello
125 1214 218 1276 affert
239 1215 403 1294 lllanagius
423 1213 463 1277 ad
485 1216 644 1278 Laertium
659 1217 703 1301 ὅ),
726 1217 758 1276 in
781 1215 895 1297 quihus
916 1210 1029 1274 Stoicis
1051 1213 1099 1272 sol

20 1313 81 1375 lici
112 1315 287 1376 affirmatur
317 1312 418 1400 άμμα
446 1314 564 1400 νοερὸν
596 1323 630 1384 ἐκ
661 1312 858 1401 θαλάττης,
892 1315 946 1377 ubi
974 1313 1098 1374 malleat

20 1412 183 1499 άναμμα.
226 1417 277 1479 Sic
299 1429 330 1476 et
351 1417 593 1499 heraclidem:
623 1422 655 1484 ol
681 1418 783 1485 δεινοί
813 1417 880 1485 τάν
907 1409 1097 1500 φιλοσόφων

20 1519 94 1599 περὶ
115 1519 225 1586 ταῦτα
249 1515 568 1604 άνάμματασιυρδς
591 1521 677 1587 εἶναι
698 1520 760 1592 τοία
781 1520 847 1585 τῶν
869 1511 1013 1600 άστίραν
1036 1539 1098 1580 us·

20 1613 152 1700 ριάδους
178 1621 365 1701 νομίζουσι.
416 1623 451 1682 ln
480 1622 549 1683 loco
578 1635 680 1684 autem
710 1617 879 1702 Stohaoi5)
908 1639 1003 1699 supra
1030 1618 1098 1678 lau·

20 1719 109 1796 dato,
141 1720 195 1782 ubi
219 1719 415 1802 Chrysippus
443 1725 540 1785 solem
567 1733 679 1786 vorare
708 1728 809 1804 ἐξαμε
832 1721 961 1798 dicitur,
992 1719 1097 1800 potius

20 1844 88 1884 rutu
107 1823 214 1904 Lipsio
235 1827 370 1902 legerem
386 1829 536 1906 λξαμμα,
556 1835 587 1886 et
603 1823 803 1886 confirmatur
818 1824 1001 1888 auctoritate
1017 1823 1098 1883 eius·

20 1924 89 1984 tletu
110 1923 288 2005 Chrysippi,
311 1925 367 2006 qui
389 1923 472 2005 apud
496 1924 628 1986 condent
649 1925 817 1988 Slohaeum
831 1922 859 2010 6)
880 1926 985 1986 lunam
1008 1933 1098 1984 vocat

20 2023 57 2090 τὸ
91 2020 279 2108 ἀθροισθὲν
309 2033 445 2108 ἔξαμμα
473 2021 563 2109 μετά
592 2024 653 2094 adv
681 2023 779 2110 ἥλιον
801 2031 834 2094 ἐν
857 2027 919 2091 sori
941 2018 1009 2090 άτιὸ
1033 2024 1097 2090 τάν

20 2127 178 2208 ιιοσίμων
198 2120 332 2194 άδάτων
352 2121 657 2212 σ’ναθνμιάμοτος.
700 2127 740 2190 Et
762 2129 821 2192 hoo
842 2123 968 2210 quidem
987 2122 1097 2202 dogma

20 2229 191 2288 hauserunt
213 2227 311 2290 Stoici
334 2249 373 2290 ex
396 2231 547 2290 Heracliti
570 2231 724 2310 lontibus,
756 2232 829 2312 qui,
859 2241 895 2292 ut
915 2228 1098 2303 Hecataeus,

20 2352 32 2388 n
42 2327 103 2407 pud
128 2329 341 2415 Stoboeum7)
371 2327 462 2392 dicit:
496 2329 635 2415 άναλμα
662 2325 782 2417 νοερδν
806 2328 845 2398 τὸ
867 2335 901 2398 λιι
924 2325 1098 2413 θαλάττης

20 2432 107 2496 εἶναι
130 2426 192 2496 τὸν
213 2429 398 2542 ἥλιοιν,.ιιλιὶ
419 2443 450 2494 et
472 2433 539 2512 lege
559 2432 717 2518 ἄναμμα.
762 2432 854 2514 Apud
875 2429 1007 2494 eundern
1026 2431 1096 2494 Sto·

21 2539 131 2593 haeum
147 2530 190 2616 8)τ
218 2532 433 2618 Θεόφραστος
454 2541 491 2602 ἐν
513 2545 581 2607 τοις
604 2547 750 2618 ηυσιιιοῖαΙ
773 2535 951 2618 γέγραφεν,
972 2539 1006 2599 ἐκ
1030 2555 1096 2597 τιν·

21 2633 135 2718 ριδίων
162 2638 228 2720 μὲν
257 2635 324 2700 τῶν
347 2637 663 2721 συναθροιζομένων
686 2639 745 2718 τῆς
764 2629 869 2720 clypcis
893 2625 1095 2715 ἀναθυμιά-

21 2761 111 2814 σεως,
133 2729 428 2818 συναθροιζόντων
452 2738 487 2806 δὲ
510 2731 572 2806 τάν
593 2735 701 2822 ἥλιον.
745 2735 832 2814 Quae
850 2735 977 2820 quidem
1000 2735 1096 2798 uerba

21 2837 255 2919 corruptissima
277 2836 469 2900 emendanda
491 2851 564 2900 sunt
587 2858 647 2918 ope
669 2840 845 2916 Plutarchi,
869 2840 925 2920 qui
949 2841 1027 2902 hanc
1049 2850 1096 2899 ta-

21 2962 92 3004 ntea
113 2941 294 3021 opinionem
316 2960 380 3002 nou
396 2942 622 3022 Theophrasto,
643 2940 697 3004 sed
716 2943 906 3023 Xenophaai
925 2940 1044 3016 tribuit,
1065 2951 1097 3000 et

21 3043 135 3103 rectius
156 3042 200 3102 sic
221 3042 331 3102 habat:
364 3038 564 3125 Ξενοηάνης
589 3047 623 3108 ἐν
646 3043 806 3126 πυριδίων
828 3043 894 3108 τάν
915 3049 1096 3121 συναθροι-

23 3145 174 3228 ζομένων
194 3143 261 3225 μὲν
283 3147 317 3207 ἐκ
338 3143 400 3224 τῆς
423 3139 529 3226 τίμρᾶς
550 3137 827 3225 ἀναθυμιάσεως,
854 3135 1097 3225 συναθροιζόν-

21 3267 89 3309 των
111 3244 145 3310 δὲ
169 3241 230 3310 τὸν
254 3240 362 3326 ἥλιον.
389 3245 464 3308 ’δίο
494 3243 576 3306 idem
608 3247 820 3326 Xenophanes
847 3244 929 3326 apud
959 3241 1096 3304 Pseudo·

22 3343 189 3424 Origonom
205 3343 233 3430 9)
256 3345 330 3406 dicit
352 3343 412 3412 τὸν
432 3345 530 3429 ἥλιον
551 3352 586 3414 ἐκ
607 3350 733 3434 μικράν
756 3347 915 3433 πυριδίων
938 3341 1097 3430 άθροιζσ-

22 3447 134 3525 μένων
160 3446 318 3531 γίνεσθαι
344 3439 424 3514 καθ’
440 3441 584 3532 ἑκάστην
605 3445 747 3534 ἡμέραν.
801 3449 895 3530 Apud
917 3446 1095 3510 Theodore-
1130 3467 1140 3488 ⁴

25 3563 90 3610 tutu
108 3546 150 3630 ¹⁰)
185 3542 245 3615 τάν
274 3544 371 3631 ἥλιον
398 3553 451 3620 soi
481 3545 544 3635 τάν
572 3547 716 3648 σελήνην
745 3545 984 3637 ὁΞενοηάνης
1010 3549 1096 3632 τὲηη

95 3748 124 3813 l)
142 3747 241 3801 Slrom.
259 3753 332 3808 Vlll.
352 3771 376 3822 p.
397 3753 457 3804 552.
565 3749 594 3816 2)
613 3749 654 3801 Ad
675 3749 748 3802 lliad.
765 3769 791 3819 p.
809 3751 870 3802 985.

95 3837 124 3901 3)
143 3835 206 3918 Pap.
227 3840 289 3892 loo.
566 3840 597 3902 4)
617 3837 678 3905 Pag.
696 3839 748 3889 tot
768 3835 809 3886 etl.
829 3834 905 3886 Galo.

95 3927 124 3992 5)
142 3923 214 3978 Eccl.
236 3924 310 3996 phys.
330 3943 355 3995 p.
374 3927 416 3977 5λ.
565 3925 596 3986 6)
615 3923 670 3976 hcl.
687 3923 762 3993 phys.
782 3942 807 3992 p.
828 3925 872 3975 59,

95 4012 124 4076 λ)
142 4011 206 4082 Pag.
226 4017 269 4067 55.
289 4013 331 4079 [T.
351 4011 382 4064 ΙΙ.
403 4029 428 4081 p.
445 4015 508 4074 524,
527 4011 572 4063 ubi
593 4009 695 4063 {lecton
715 4007 842 4075 ἄναμμα.)

95 4099 123 4162 8)
143 4097 205 4167 Peg.
223 4102 266 4153 55.
286 4099 329 4166 [Τ.
350 4097 381 4150 ll.
402 4119 427 4169 p.
446 4101 517 4165 522.)
560 4097 590 4164 ll)
609 4095 810 4167 Philosophum.
831 4113 856 4164 p.
875 4095 908 4150 ild
928 4104 953 4146 st
972 4095 1014 4147 hl.

78 4177 128 4250 ltl)'
143 4183 257 4257 'lherap
276 4186 363 4240 Serta.
383 4185 427 4238 lV.
448 4207 473 4258 p.
492 4189 552 4240 530.
