2952 4872
734 323 970 384 ,404-

324 504 384 570 tur,
407 501 438 552 st
460 489 565 552 omnia
586 489 670 552 inter
689 509 722 552 se
740 501 814 571 apta
836 507 1038 571 conumque
1057 487 1270 566 maeret,
1291 485 1385 548 rahier

322 593 450 676 adsequi
475 593 576 656 liceat.
627 593 702 656 Viri
728 593 812 656 enim
842 591 1014 654 doctissimi
1040 603 1074 656 et
1104 576 1305 672 graviseisti,
1330 590 1385 650 iate

323 717 402 780 quos
424 696 561 758 eminent
583 697 740 758 hliuuciuc
761 695 853 758 Felix
874 705 905 757 st
925 695 1118 772 Lactantius,
1143 694 1328 756 Ciceronem
1340 691 1386 771 pt

322 797 411 876 decr,
432 813 467 860 ut
488 799 550 880 ipsi
571 797 693 878 decepti
717 799 886 878 putatam,
907 795 964 860 sed
984 819 1116 876 retem,
1145 795 1240 880 quod
1262 795 1337 858 inira
1353 792 1387 852 de

323 901 573 976 monstrabimus,
594 899 783 980 Epicureum
799 892 957 964 Velleiu'm
979 900 1064 982 apud
1082 901 1281 962 Ciceronem
1302 896 1387 976 inpii

324 1023 376 1066 aso
399 1003 439 1065 de
460 1004 500 1064 N.
523 1003 563 1064 D.
585 1001 668 1062 libra
694 1001 906 1090 disputantem
929 1003 1086 1066 immerito
1109 1004 1237 1079 saman,
1261 1002 1333 1062 leisc
1350 1019 1387 1078 pr

322 1117 468 1169 taverunt
495 1103 703 1166 multiformes
724 1104 846 1167 &ciros
865 1127 885 1166 a
905 1105 1080 1186 semetipsis
1108 1103 1273 1167 dissidere
1300 1121 1386 1164 secta·

324 1228 386 1292 que
400 1205 585 1284 disrcrdsre,
604 1227 660 1269 aec
673 1206 834 1273 lereadcra
847 1227 958 1270 eorum
973 1208 1240 1284 inconstantiae,
1255 1205 1310 1288 qui
1321 1201 1386 1266 nola

323 1315 395 1376 huic
416 1311 512 1374 modo
533 1311 581 1374 illi
601 1311 647 1371 tei
669 1331 792 1374 omnem
814 1311 990 1374 tribuerent
1010 1310 1221 1376 divinitatem
1238 1313 1338 1392 sicque
1352 1304 1386 1366 de
1416 1340 1420 1353 ·

323 1417 454 1480 scltoria
474 1415 604 1480 lerltate
625 1413 719 1477 modo
740 1417 823 1478 hunc
844 1409 939 1477 modo
960 1415 1050 1476 illum
1071 1435 1142 1478 esse
1166 1413 1269 1476 deun
1289 1421 1385 1473 eoctea·
1416 1414 1420 1423 '

323 1519 442 1582 alerent.
486 1518 552 1580 Noe
576 1531 684 1580 contre
708 1519 920 1598 probabimus,
941 1537 1037 1580 unam
1058 1516 1217 1602 idemque
1237 1522 1385 1579 comunt!

324 1620 481 1682 continsri
501 1621 533 1679 iu
556 1620 680 1699 porticu
702 1639 833 1698 atamen,
855 1621 909 1684 sed
927 1619 1006 1686 illud
1027 1621 1159 1706 quidem
1183 1617 1318 1684 dirersis
1334 1629 1384 1691 get·

324 1722 400 1784 deus
421 1721 608 1798 nominibus,
631 1741 750 1804 quaes
772 1723 867 1785 variis
888 1725 1047 1806 operibus,
1072 1737 1128 1788 eut
1148 1722 1334 1788 muneribus
1348 1723 1383 1773 ⁸¹¹¹

324 1827 502 1903 virtutibus,
525 1837 578 1888 aut
598 1847 615 1886 e
636 1823 729 1887 variis
745 1825 901 1902 materiae,
923 1845 981 1908 per
998 1845 1092 1908 quem
1111 1825 1315 1900 diffunditur,
1333 1835 1382 1898 pss·
1414 1888 1418 1903 ,

322 1931 406 1992 tibus
428 1930 567 1992 invenit:
589 1949 646 1992 nec
667 1930 733 1991 sius
755 1930 868 1992 unitati
886 1932 1009 1993 ohetare
1031 1931 1287 2011 appellationum
1307 1921 1383 1984 diter·
1415 1954 1418 1973 ι

322 2033 460 2110 citatem,
492 2055 560 2094 cum
589 2034 656 2113 ipsa
686 2031 908 2111 significatione
930 2033 969 2096 ad
994 2053 1091 2095 unum
1113 2034 1224 2096 omnia
1246 2026 1380 2092 resolvar·

321 2145 385 2197 tur.
436 2135 528 2212 Quod
552 2135 642 2197 lateri
665 2135 732 2215 ipee
754 2135 876 2213 cogitur
897 2135 1076 2197 lactantius
1096 2133 1138 2221 ¹),
1169 2133 1320 2220 quodque
1338 2141 1379 2185 acc
1423 2163 1424 2170 1

322 2238 396 2298 sciis
411 2249 607 2318 perspectum
629 2239 745 2298 multos
761 2236 885 2299 induxit
908 2251 943 2300 ut
960 2251 1112 2316 errarent,
1133 2251 1166 2302 et
1186 2240 1250 2302 luit
1267 2237 1298 2296 in
1315 2243 1379 2291 0³⁰⁹

322 2343 385 2398 cur·
400 2337 497 2398 Stoici
525 2341 576 2401 vel
604 2341 644 2400 ch
675 2341 753 2400 hace
775 2361 867 2402 naam
890 2359 1011 2404 cenmm
1034 2343 1135 2405 minus
1157 2336 1327 2412 intellecti,
1348 2331 1379 2389 it·
1423 2321 1424 2338 ¹

323 2440 511 2502 constantiae
542 2441 717 2522 mentisque
751 2445 967 2506 mutabilitatis
995 2457 1113 2508 temere
1144 2443 1283 2508 accusati
1309 2447 1378 2513 atque

286 2611 291 2618 p
321 2543 437 2606 indicta
466 2563 572 2622 causa,
604 2544 700 2605 immo
727 2543 884 2625 incognita
912 2547 1108 2612 eondscmati
1134 2551 1267 2613 luerint.
1313 2535 1379 2601 Gall·

321 2669 379 2710 nus
395 2647 425 2734 ²)
445 2659 568 2727 monet,
590 2648 711 2711 Stoicos
733 2649 792 2709 hoc
813 2651 846 2711 iu
871 2654 980 2715 ceteris
1001 2651 1244 2736 reprehendisse
1267 2643 1377 2729 philost·

280 2759 286 2776 ⁸
320 2753 407 2832 pitis,
438 2752 522 2834 quod
545 2756 648 2816 statim
673 2755 760 2835 prius
782 2759 937 2835 porticum
964 2756 1150 2838 impugnent
1174 2757 1306 2836 eiusque
1324 2741 1379 2815 ‘¹⁰5'

205 2927 210 2946 Ι
320 2866 403 2914 urata
427 2853 650 2935 condemnent,
679 2877 772 2939 quam
798 2855 831 2920 id
859 2861 1057 2939 exploratum
1082 2859 1234 2935 habeant,
1263 2843 1338 2936 (11¹⁰d
1355 2840 1377 2899 ll

321 2975 356 3019 0²
379 2953 509 3020 dicitur:
533 2959 732 3044 ἐπιτιμῶσιν
751 2953 833 3044 ἡμῖν
856 2953 983 3035 είθέως
1005 2960 1048 3038 ὥς
1071 2963 1249 3047 προπετῶς
1271 2943 1378 3022 tarali-
1422 2967 1423 2972 ’

319 3085 426 3144 γουσι,
450 3061 529 3145 πρὶν
549 3063 674 3144 γνῶναι
696 3056 947 3146 τὸλεγόμενον.
991 3063 1112 3127 Revera
1135 3083 1244 3126 omnes
1266 3061 1324 3120 tare
1342 3065 1376 3106 ts·
1422 3063 1423 3074 ²

319 3181 407 3222 rcrec
437 3163 468 3222 in
492 3161 667 3224 Stoicorum
695 3175 726 3225 et
754 3165 960 3244 plurimorum
983 3164 1116 3228 aliorum
1139 3161 1376 3246 philosophorum
1415 3156 1419 3223 Ῑ

244 3329 254 3342 ,
321 3261 461 3322 doctriua
483 3263 667 3342 exponenda
689 3267 760 3326 hinc
783 3265 845 3328 crtl
867 3281 955 3346 cum,
977 3267 1061 3352 quod
1085 3269 1306 3331 vocabulorum
1322 3251 1375 3316 lull

291 3378 374 3461 ⁸am
403 3363 450 3425 llll
479 3369 585 3427 sectae'
605 3368 807 3447 propriorum
837 3369 898 3436 vim
928 3392 991 3433 non
1019 3371 1092 3433 satis
1122 3367 1330 3452 perceperint,
1353 3359 1375 3410 θ’

322 3467 675 3547 voeunt¹cmbiguitate‚
706 3481 760 3530 aut
782 3471 874 3531 etiam
896 3473 1048 3552 peculiari
1068 3473 1291 3553 signilicaticue
1310 3449 1375 3540 apud
1420 3495 1422 3516 ι

320 3576 378 3634 hoa
398 3583 452 3632 aut
472 3571 542 3631 illos
565 3569 768 3650 philosophos
790 3573 882 3634 obvia
905 3572 1004 3636 delusi
1026 3576 1153 3654 luerint,
1175 3577 1230 3658 qui
1250 3559 1375 3635 historiae
1416 3622 1419 3641 Ι

320 3671 554 3758 philosophicae
567 3671 769 3734 illustrandae
784 3695 910 3755 operam
923 3673 1092 3756 dederuct3
1116 3681 1188 3741 alar.
1201 3659 1375 3742 Weissimll

321 3779 476 3842 existimat
489 3778 710 3863 plerorumque
721 3793 973 3856 crgmuentorum
984 3781 1207 3844 resolutionem
1219 3779 1296 3844 nihil
1307 3759 1374 3834 aliud
1421 3783 1422 3801 ι

321 3921 605 3937 m

392 4015 423 4076 1)
444 4013 554 4068 institut.
571 4012 681 4068 divinar.
701 4017 721 4081 l,
742 4018 785 4068 ld.
805 4035 830 4087 p.
845 4020 887 4072 to.

393 4099 424 4162 ²>
443 4097 484 4151 De
503 4101 590 4171 ptam.
604 4103 772 4174 imponam
784 4114 809 4157 a
824 4103 991 4161 cratonem
1009 4106 1049 4178 [p.
1061 4104 1121 4163 css.
1139 4107 1173 4160 r.
1185 4107 1219 4161 v.
1237 4106 1278 4160 sc.
1290 4086 1374 4156 catti

393 4185 424 4251 3)
445 4185 474 4236 ln
492 4185 589 4257 Logica
608 4187 698 4244 Latina
719 4209 746 4264 p.
764 4194 825 4246 tot.
