<?xml version="1.0" encoding="UTF-8"?>
<!DOCTYPE html PUBLIC "-//W3C//DTD XHTML 1.0 Transitional//EN"
    "http://www.w3.org/TR/xhtml1/DTD/xhtml1-transitional.dtd">
<html xmlns="http://www.w3.org/1999/xhtml" xml:lang="en" lang="en">
 <head>
  <title>
</title>
<meta http-equiv="Content-Type" content="text/html;charset=utf-8" />
  <meta name='ocr-system' content='tesseract 3.04.00' />
  <meta name='ocr-capabilities' content='ocr_page ocr_carea ocr_par ocr_line ocrx_word'/>
</head>
<body>
  <div class='ocr_page' id='page_1' title='image "./denaturadeorum00corngoog_0519.png"; bbox 0 0 2818 4860; ppageno 0'>
   <div class='ocr_carea' id='block_1_1' title="bbox 248 223 1347 472">
    <p class='ocr_par' dir='ltr' id='par_1_1' title="bbox 248 223 1347 472">
     <span class='ocr_line' id='line_1_1' title="bbox 671 223 907 284; baseline -0.008 1"><span class='ocrx_word' id='word_1_1' title='bbox 671 257 708 270; x_wconf 86' lang='lat'>-</span> <span class='ocrx_word' id='word_1_2' title='bbox 754 223 819 284; x_wconf 79' lang='lat'><strong>452</strong></span> <span class='ocrx_word' id='word_1_3' title='bbox 864 255 907 272; x_wconf 86' lang='lat'><strong>-·</strong></span> 
     </span>
     <span class='ocr_line' id='line_1_2' title="bbox 248 385 1347 472; baseline -0.004 -18"><span class='ocrx_word' id='word_1_4' title='bbox 248 409 313 456; x_wconf 85' lang='lat' dir='ltr'><strong>esse</strong></span> <span class='ocrx_word' id='word_1_5' title='bbox 337 409 539 472; x_wconf 78' lang='lat' dir='ltr'><strong>corporeum,</strong></span> <span class='ocrx_word' id='word_1_6' title='bbox 570 385 655 456; x_wconf 74' lang='grc' dir='ltr'><strong>θεὸν</strong></span> <span class='ocrx_word' id='word_1_7' title='bbox 674 388 865 456; x_wconf 85' lang='grc' dir='ltr'><em>ΑΡΧΗΝ</em></span> <span class='ocrx_word' id='word_1_8' title='bbox 880 385 965 458; x_wconf 75' lang='grc' dir='ltr'><strong>ὄντα</strong></span> <span class='ocrx_word' id='word_1_9' title='bbox 986 387 1073 456; x_wconf 72' lang='grc' dir='ltr'><strong><em>εἶναι</em></strong></span> <span class='ocrx_word' id='word_1_10' title='bbox 1097 386 1280 465; x_wconf 67' lang='lat' dir='ltr'><strong>mm,</strong></span> <span class='ocrx_word' id='word_1_11' title='bbox 1304 388 1347 450; x_wconf 70' lang='lat' dir='ltr'><strong>liic</strong></span> 
     </span>
    </p>
   </div>
   <div class='ocr_carea' id='block_1_2' title="bbox 173 487 1380 3426">
    <p class='ocr_par' dir='ltr' id='par_1_2' title="bbox 173 487 1380 3426">
     <span class='ocr_line' id='line_1_3' title="bbox 173 487 1348 570; baseline -0.008 -10"><span class='ocrx_word' id='word_1_12' title='bbox 173 519 192 540; x_wconf 93' lang='lat'><strong>·</strong></span> <span class='ocrx_word' id='word_1_13' title='bbox 248 513 324 559; x_wconf 75' lang='lat' dir='ltr'><strong>vero</strong></span> <span class='ocrx_word' id='word_1_14' title='bbox 346 493 436 556; x_wconf 87' lang='lat' dir='ltr'><strong>docet</strong></span> <span class='ocrx_word' id='word_1_15' title='bbox 456 489 569 556; x_wconf 83' lang='lat' dir='ltr'><strong>Stoicis</strong></span> <span class='ocrx_word' id='word_1_16' title='bbox 592 487 654 552; x_wconf 95' lang='lat' dir='ltr'><strong>duo</strong></span> <span class='ocrx_word' id='word_1_17' title='bbox 677 488 849 570; x_wconf 87' lang='lat' dir='ltr'><strong>principia,</strong></span> <span class='ocrx_word' id='word_1_18' title='bbox 866 487 899 550; x_wconf 90' lang='lat' dir='ltr'><strong>id</strong></span> <span class='ocrx_word' id='word_1_19' title='bbox 920 500 982 566; x_wconf 87' lang='lat' dir='ltr'><strong>est,</strong></span> <span class='ocrx_word' id='word_1_20' title='bbox 1001 487 1094 552; x_wconf 82' lang='lat' dir='ltr'><strong>denas</strong></span> <span class='ocrx_word' id='word_1_21' title='bbox 1117 500 1148 550; x_wconf 84' lang='lat' dir='ltr'><strong>et</strong></span> <span class='ocrx_word' id='word_1_22' title='bbox 1172 491 1348 551; x_wconf 78' lang='lat' dir='ltr'><strong>materian</strong></span> 
     </span>
     <span class='ocr_line' id='line_1_4' title="bbox 249 589 1345 673; baseline -0.002 -17"><span class='ocrx_word' id='word_1_23' title='bbox 249 615 313 659; x_wconf 82' lang='lat' dir='ltr'><strong>esee</strong></span> <span class='ocrx_word' id='word_1_24' title='bbox 336 611 502 673; x_wconf 87' lang='lat' dir='ltr'><strong>corporea,</strong></span> <span class='ocrx_word' id='word_1_25' title='bbox 535 589 609 653; x_wconf 88' lang='lat' dir='ltr'><strong>dum</strong></span> <span class='ocrx_word' id='word_1_26' title='bbox 635 603 744 652; x_wconf 86' lang='lat' dir='ltr'><strong>contra</strong></span> <span class='ocrx_word' id='word_1_27' title='bbox 765 591 888 652; x_wconf 85' lang='lat' dir='ltr'><strong>Platoni</strong></span> <span class='ocrx_word' id='word_1_28' title='bbox 914 590 1007 668; x_wconf 85' lang='lat' dir='ltr'><strong>dens,</strong></span> <span class='ocrx_word' id='word_1_29' title='bbox 1038 589 1071 652; x_wconf 93' lang='lat' dir='ltr'><strong>id</strong></span> <span class='ocrx_word' id='word_1_30' title='bbox 1099 602 1166 666; x_wconf 89' lang='lat' dir='ltr'><strong>est,</strong></span> <span class='ocrx_word' id='word_1_31' title='bbox 1203 591 1345 672; x_wconf 82' lang='lat' dir='ltr'><strong>primum</strong></span> 
     </span>
     <span class='ocr_line' id='line_1_5' title="bbox 249 690 1346 776; baseline -0.003 -20"><span class='ocrx_word' id='word_1_32' title='bbox 249 695 456 776; x_wconf 86' lang='lat' dir='ltr'><strong>principium,</strong></span> <span class='ocrx_word' id='word_1_33' title='bbox 491 715 640 776; x_wconf 80' lang='lat' dir='ltr'><strong>corporeus</strong></span> <span class='ocrx_word' id='word_1_34' title='bbox 673 691 808 756; x_wconf 80' lang='lat' dir='ltr'><strong>videtur.</strong></span> <span class='ocrx_word' id='word_1_35' title='bbox 864 691 1007 754; x_wconf 87' lang='lat' dir='ltr'><strong>Clemens</strong></span> <span class='ocrx_word' id='word_1_36' title='bbox 1038 690 1289 754; x_wconf 80' lang='lat' dir='ltr'><strong>Alexandrinus</strong></span> <span class='ocrx_word' id='word_1_37' title='bbox 1309 693 1346 774; x_wconf 80' lang='lat'><strong>¹):</strong></span> 
     </span>
     <span class='ocr_line' id='line_1_6' title="bbox 250 787 1344 882; baseline -0.002 -20"><span class='ocrx_word' id='word_1_38' title='bbox 250 797 329 882; x_wconf 70' lang='grc' dir='ltr'><strong><em>φασὶ</em></strong></span> <span class='ocrx_word' id='word_1_39' title='bbox 362 795 507 862; x_wconf 69' lang='lat' dir='ltr'><strong>mam</strong></span> <span class='ocrx_word' id='word_1_40' title='bbox 532 795 620 860; x_wconf 77' lang='grc' dir='ltr'><strong><em>εἶναι</em></strong></span> <span class='ocrx_word' id='word_1_41' title='bbox 648 788 710 860; x_wconf 77' lang='grc' dir='ltr'><strong>τὸν</strong></span> <span class='ocrx_word' id='word_1_42' title='bbox 740 787 825 860; x_wconf 74' lang='grc' dir='ltr'><strong>θεὸν</strong></span> <span class='ocrx_word' id='word_1_43' title='bbox 855 799 888 860; x_wconf 85' lang='lat' dir='ltr'><strong>el</strong></span> <span class='ocrx_word' id='word_1_44' title='bbox 920 795 1077 870; x_wconf 73' lang='grc' dir='ltr'><strong>Στιΐκοὶ,</strong></span> <span class='ocrx_word' id='word_1_45' title='bbox 1106 795 1163 860; x_wconf 80' lang='lat' dir='ltr'><strong>scel</strong></span> <span class='ocrx_word' id='word_1_46' title='bbox 1197 799 1344 877; x_wconf 71' lang='grc' dir='ltr'><strong>πνεῦμα</strong></span> 
     </span>
     <span class='ocr_line' id='line_1_7' title="bbox 250 889 1343 981; baseline -0.007 -18"><span class='ocrx_word' id='word_1_47' title='bbox 250 889 475 972; x_wconf 74' lang='lat' dir='ltr'><strong>sus‘ou&#39;oc&#39;nv,</strong></span> <span class='ocrx_word' id='word_1_48' title='bbox 500 891 610 976; x_wconf 77' lang='grc' dir='ltr'><strong><em>ὥσπερ</em></strong></span> <span class='ocrx_word' id='word_1_49' title='bbox 632 890 747 978; x_wconf 79' lang='grc' dir='ltr'><strong><em>α’μὲλει</em></strong></span> <span class='ocrx_word' id='word_1_50' title='bbox 770 897 826 964; x_wconf 74' lang='lat' dir='ltr'><strong>nel</strong></span> <span class='ocrx_word' id='word_1_51' title='bbox 850 889 913 980; x_wconf 73' lang='grc' dir='ltr'><strong>τὴν</strong></span> <span class='ocrx_word' id='word_1_52' title='bbox 935 891 1057 981; x_wconf 74' lang='grc' dir='ltr'><strong>ψυχήν.</strong></span> <span class='ocrx_word' id='word_1_53' title='bbox 1104 895 1155 956; x_wconf 87' lang='lat' dir='ltr'><strong>Ex</strong></span> <span class='ocrx_word' id='word_1_54' title='bbox 1179 917 1255 976; x_wconf 91' lang='lat' dir='ltr'><strong>quo</strong></span> <span class='ocrx_word' id='word_1_55' title='bbox 1279 899 1343 978; x_wconf 86' lang='lat' dir='ltr'><strong>qni·</strong></span> 
     </span>
     <span class='ocr_line' id='line_1_8' title="bbox 201 994 1342 1076; baseline -0.003 -15"><span class='ocrx_word' id='word_1_56' title='bbox 201 1019 204 1027; x_wconf 75' lang='grc'>’</span> <span class='ocrx_word' id='word_1_57' title='bbox 250 998 319 1062; x_wconf 91' lang='lat' dir='ltr'><strong>dem</strong></span> <span class='ocrx_word' id='word_1_58' title='bbox 344 997 512 1060; x_wconf 87' lang='lat' dir='ltr'><strong>Clementis</strong></span> <span class='ocrx_word' id='word_1_59' title='bbox 541 998 610 1056; x_wconf 91' lang='lat' dir='ltr'><strong>lncn</strong></span> <span class='ocrx_word' id='word_1_60' title='bbox 638 996 841 1076; x_wconf 70' lang='lat' dir='ltr'><strong>intelligitur,</strong></span> <span class='ocrx_word' id='word_1_61' title='bbox 869 996 982 1058; x_wconf 85' lang='lat' dir='ltr'><strong>Stoicis</strong></span> <span class='ocrx_word' id='word_1_62' title='bbox 1003 994 1096 1057; x_wconf 90' lang='lat' dir='ltr'><strong>deum</strong></span> <span class='ocrx_word' id='word_1_63' title='bbox 1125 1007 1159 1057; x_wconf 89' lang='lat' dir='ltr'><strong>et</strong></span> <span class='ocrx_word' id='word_1_64' title='bbox 1190 997 1342 1068; x_wconf 79' lang='lat' dir='ltr'><strong>animosa,</strong></span> 
     </span>
     <span class='ocr_line' id='line_1_9' title="bbox 250 1093 1342 1183; baseline 0.004 -21"><span class='ocrx_word' id='word_1_65' title='bbox 250 1100 392 1183; x_wconf 84' lang='lat' dir='ltr'><strong>quamuis</strong></span> <span class='ocrx_word' id='word_1_66' title='bbox 415 1117 598 1178; x_wconf 86' lang='lat' dir='ltr'><strong>corporeos,</strong></span> <span class='ocrx_word' id='word_1_67' title='bbox 628 1118 694 1160; x_wconf 88' lang='lat' dir='ltr'><strong>esse</strong></span> <span class='ocrx_word' id='word_1_68' title='bbox 715 1111 821 1160; x_wconf 86' lang='lat' dir='ltr'><strong>tamen</strong></span> <span class='ocrx_word' id='word_1_69' title='bbox 844 1099 990 1180; x_wconf 86' lang='lat' dir='ltr'><strong>spiritus,</strong></span> <span class='ocrx_word' id='word_1_70' title='bbox 1021 1097 1162 1177; x_wconf 77' lang='grc' dir='ltr'><strong><em>πνεῦμα</em></strong></span> <span class='ocrx_word' id='word_1_71' title='bbox 1190 1097 1275 1164; x_wconf 67' lang='grc' dir='ltr'><strong>κατ’</strong></span> <span class='ocrx_word' id='word_1_72' title='bbox 1290 1093 1342 1166; x_wconf 76' lang='lat' dir='ltr'><strong>ec&#39;-</strong></span> 
     </span>
     <span class='ocr_line' id='line_1_10' title="bbox 249 1196 1340 1284; baseline -0.012 -11"><span class='ocrx_word' id='word_1_73' title='bbox 249 1203 346 1280; x_wconf 74' lang='lat' dir='ltr'><strong>clue,</strong></span> <span class='ocrx_word' id='word_1_74' title='bbox 375 1220 439 1284; x_wconf 89' lang='lat' dir='ltr'><strong>qun</strong></span> <span class='ocrx_word' id='word_1_75' title='bbox 463 1220 593 1282; x_wconf 86' lang='lat' dir='ltr'><strong>prorsus</strong></span> <span class='ocrx_word' id='word_1_76' title='bbox 619 1199 711 1262; x_wconf 89' lang='lat' dir='ltr'><strong>modo</strong></span> <span class='ocrx_word' id='word_1_77' title='bbox 733 1199 929 1282; x_wconf 78' lang='lat' dir='ltr'><strong>Chrysippus</strong></span> <span class='ocrx_word' id='word_1_78' title='bbox 953 1196 1037 1279; x_wconf 83' lang='lat' dir='ltr'><strong>apud</strong></span> <span class='ocrx_word' id='word_1_79' title='bbox 1056 1197 1229 1260; x_wconf 80' lang='lat' dir='ltr'><strong>laertium</strong></span> <span class='ocrx_word' id='word_1_80' title='bbox 1246 1197 1281 1283; x_wconf 63' lang='grc' dir='ltr'><strong>Β)</strong></span> <span class='ocrx_word' id='word_1_81' title='bbox 1302 1221 1340 1260; x_wconf 83' lang='lat' dir='ltr'><strong>ec·</strong></span> 
     </span>
     <span class='ocr_line' id='line_1_11' title="bbox 249 1295 1340 1386; baseline -0.007 -16"><span class='ocrx_word' id='word_1_82' title='bbox 249 1327 319 1370; x_wconf 87' lang='lat' dir='ltr'><strong>men</strong></span> <span class='ocrx_word' id='word_1_83' title='bbox 347 1316 438 1370; x_wconf 85' lang='lat' dir='ltr'><strong>vocet</strong></span> <span class='ocrx_word' id='word_1_84' title='bbox 468 1303 610 1386; x_wconf 73' lang='grc' dir='ltr'><strong><em>πνεῦμα</em></strong></span> <span class='ocrx_word' id='word_1_85' title='bbox 638 1295 858 1368; x_wconf 75' lang='lat' dir='ltr'><strong>sne’odnins.</strong></span> <span class='ocrx_word' id='word_1_86' title='bbox 902 1303 1071 1374; x_wconf 76' lang='lat' dir='ltr'><strong>immori,</strong></span> <span class='ocrx_word' id='word_1_87' title='bbox 1103 1299 1194 1380; x_wconf 89' lang='lat' dir='ltr'><strong>quod</strong></span> <span class='ocrx_word' id='word_1_88' title='bbox 1230 1301 1340 1362; x_wconf 76' lang='lat' dir='ltr'><strong>miron</strong></span> 
     </span>
     <span class='ocr_line' id='line_1_12' title="bbox 250 1400 1337 1488; baseline -0.006 -17"><span class='ocrx_word' id='word_1_89' title='bbox 250 1408 351 1472; x_wconf 80' lang='lat' dir='ltr'><strong>uideri</strong></span> <span class='ocrx_word' id='word_1_90' title='bbox 371 1406 499 1488; x_wconf 89' lang='lat' dir='ltr'><strong>poterit,</strong></span> <span class='ocrx_word' id='word_1_91' title='bbox 519 1402 591 1468; x_wconf 92' lang='lat' dir='ltr'><strong>ideo</strong></span> <span class='ocrx_word' id='word_1_92' title='bbox 612 1402 755 1483; x_wconf 87' lang='lat' dir='ltr'><strong>corporei</strong></span> <span class='ocrx_word' id='word_1_93' title='bbox 778 1401 854 1466; x_wconf 86' lang='lat' dir='ltr'><strong>deus</strong></span> <span class='ocrx_word' id='word_1_94' title='bbox 879 1416 910 1464; x_wconf 86' lang='lat' dir='ltr'><strong>et</strong></span> <span class='ocrx_word' id='word_1_95' title='bbox 934 1401 1064 1477; x_wconf 86' lang='lat' dir='ltr'><strong>animus,</strong></span> <span class='ocrx_word' id='word_1_96' title='bbox 1092 1400 1180 1482; x_wconf 90' lang='lat' dir='ltr'><strong>quod</strong></span> <span class='ocrx_word' id='word_1_97' title='bbox 1209 1405 1337 1484; x_wconf 83' lang='lat' dir='ltr'><strong>spiritns</strong></span> 
     </span>
     <span class='ocr_line' id='line_1_13' title="bbox 251 1503 1336 1586; baseline -0.006 -13"><span class='ocrx_word' id='word_1_98' title='bbox 251 1521 363 1572; x_wconf 78' lang='lat' dir='ltr'><strong>essem.</strong></span> <span class='ocrx_word' id='word_1_99' title='bbox 413 1507 465 1568; x_wconf 90' lang='lat' dir='ltr'><strong>Sic</strong></span> <span class='ocrx_word' id='word_1_100' title='bbox 485 1505 629 1567; x_wconf 84' lang='lat' dir='ltr'><strong>Laertius</strong></span> <span class='ocrx_word' id='word_1_101' title='bbox 642 1504 669 1586; x_wconf 74' lang='grc'><strong>5)</strong></span> <span class='ocrx_word' id='word_1_102' title='bbox 692 1505 807 1568; x_wconf 76' lang='lat' dir='ltr'><strong>diserte</strong></span> <span class='ocrx_word' id='word_1_103' title='bbox 830 1505 910 1568; x_wconf 80' lang='lat' dir='ltr'><strong>dixit</strong></span> <span class='ocrx_word' id='word_1_104' title='bbox 935 1505 1072 1568; x_wconf 82' lang='lat' dir='ltr'><strong>animum</strong></span> <span class='ocrx_word' id='word_1_105' title='bbox 1093 1503 1217 1566; x_wconf 83' lang='lat' dir='ltr'><strong>Stoicis</strong></span> <span class='ocrx_word' id='word_1_106' title='bbox 1242 1506 1336 1569; x_wconf 81' lang='lat' dir='ltr'><strong>rideri</strong></span> 
     </span>
     <span class='ocr_line' id='line_1_14' title="bbox 251 1605 1235 1691; baseline 0.002 -19"><span class='ocrx_word' id='word_1_107' title='bbox 251 1609 414 1691; x_wconf 88' lang='lat' dir='ltr'><strong>spiritum,</strong></span> <span class='ocrx_word' id='word_1_108' title='bbox 433 1618 466 1666; x_wconf 86' lang='lat' dir='ltr'><strong>et</strong></span> <span class='ocrx_word' id='word_1_109' title='bbox 486 1605 602 1669; x_wconf 87' lang='lat' dir='ltr'><strong>idcirco</strong></span> <span class='ocrx_word' id='word_1_110' title='bbox 623 1627 689 1670; x_wconf 85' lang='lat' dir='ltr'><strong>esse</strong></span> <span class='ocrx_word' id='word_1_111' title='bbox 711 1629 838 1689; x_wconf 90' lang='lat' dir='ltr'><strong>corpus,</strong></span> <span class='ocrx_word' id='word_1_112' title='bbox 860 1606 911 1674; x_wconf 76' lang='lat' dir='ltr'><strong>ded</strong></span> <span class='ocrx_word' id='word_1_113' title='bbox 931 1609 984 1675; x_wconf 76' lang='lat' dir='ltr'><strong>sul</strong></span> <span class='ocrx_word' id='word_1_114' title='bbox 1007 1609 1102 1689; x_wconf 76' lang='grc' dir='ltr'><strong>σῶμα</strong></span> <span class='ocrx_word' id='word_1_115' title='bbox 1124 1608 1235 1674; x_wconf 75' lang='lat' dir='ltr'><strong>alvos.</strong></span> 
     </span>
     <span class='ocr_line' id='line_1_15' title="bbox 336 1707 1336 1794; baseline -0.001 -19"><span class='ocrx_word' id='word_1_116' title='bbox 336 1709 515 1775; x_wconf 82' lang='lat' dir='ltr'><strong>Brackerus</strong></span> <span class='ocrx_word' id='word_1_117' title='bbox 532 1707 578 1794; x_wconf 69' lang='lat'><strong>4),</strong></span> <span class='ocrx_word' id='word_1_118' title='bbox 609 1721 719 1787; x_wconf 79' lang='lat' dir='ltr'><strong>„vocat</strong></span> <span class='ocrx_word' id='word_1_119' title='bbox 740 1710 867 1791; x_wconf 89' lang='lat' dir='ltr'><strong>quidem</strong></span> <span class='ocrx_word' id='word_1_120' title='bbox 895 1711 1010 1773; x_wconf 87' lang='lat' dir='ltr'><strong>Seneca</strong></span> <span class='ocrx_word' id='word_1_121' title='bbox 1036 1708 1128 1772; x_wconf 89' lang='lat' dir='ltr'><strong>deum</strong></span> <span class='ocrx_word' id='word_1_122' title='bbox 1151 1710 1336 1794; x_wconf 82' lang='lat' dir='ltr'><strong>incorpora-</strong></span> 
     </span>
     <span class='ocr_line' id='line_1_16' title="bbox 250 1793 1336 1894; baseline 0 -18"><span class='ocrx_word' id='word_1_123' title='bbox 250 1793 312 1876; x_wconf 81' lang='lat' dir='ltr'><strong>lem</strong></span> <span class='ocrx_word' id='word_1_124' title='bbox 334 1813 505 1889; x_wconf 83' lang='lat' dir='ltr'><strong>rationem,</strong></span> <span class='ocrx_word' id='word_1_125' title='bbox 537 1810 590 1874; x_wconf 90' lang='lat' dir='ltr'><strong>sed</strong></span> <span class='ocrx_word' id='word_1_126' title='bbox 618 1810 652 1874; x_wconf 93' lang='lat' dir='ltr'><strong>id</strong></span> <span class='ocrx_word' id='word_1_127' title='bbox 682 1812 807 1892; x_wconf 78' lang='lat' dir='ltr'><strong>corpori</strong></span> <span class='ocrx_word' id='word_1_128' title='bbox 835 1823 956 1874; x_wconf 87' lang='lat' dir='ltr'><strong>tantum</strong></span> <span class='ocrx_word' id='word_1_129' title='bbox 980 1810 1123 1874; x_wconf 79' lang='lat' dir='ltr'><strong>crassiori</strong></span> <span class='ocrx_word' id='word_1_130' title='bbox 1151 1816 1336 1894; x_wconf 87' lang='lat' dir='ltr'><strong>opponitur,</strong></span> 
     </span>
     <span class='ocr_line' id='line_1_17' title="bbox 251 1912 1376 2000; baseline 0.003 -22"><span class='ocrx_word' id='word_1_131' title='bbox 251 1913 404 1999; x_wconf 87' lang='lat' dir='ltr'><strong>quidquid</strong></span> <span class='ocrx_word' id='word_1_132' title='bbox 427 1913 509 1976; x_wconf 88' lang='lat' dir='ltr'><strong>enim</strong></span> <span class='ocrx_word' id='word_1_133' title='bbox 531 1925 594 1992; x_wconf 90' lang='lat' dir='ltr'><strong>est,</strong></span> <span class='ocrx_word' id='word_1_134' title='bbox 617 1912 730 1976; x_wconf 83' lang='lat' dir='ltr'><strong>Stoicis</strong></span> <span class='ocrx_word' id='word_1_135' title='bbox 750 1931 863 1994; x_wconf 87' lang='lat' dir='ltr'><strong>corpus</strong></span> <span class='ocrx_word' id='word_1_136' title='bbox 885 1927 944 1990; x_wconf 83' lang='lat' dir='ltr'><strong>est3</strong></span> <span class='ocrx_word' id='word_1_137' title='bbox 972 1914 1112 1996; x_wconf 78' lang='lat' dir='ltr'><strong>nihilque</strong></span> <span class='ocrx_word' id='word_1_138' title='bbox 1133 1917 1334 2000; x_wconf 79' lang='lat' dir='ltr'><strong>incorporale</strong></span> <span class='ocrx_word' id='word_1_139' title='bbox 1371 1942 1376 1951; x_wconf 94' lang='lat'>·</span> 
     </span>
     <span class='ocr_line' id='line_1_18' title="bbox 251 2011 1376 2100; baseline 0.001 -19"><span class='ocrx_word' id='word_1_140' title='bbox 251 2030 377 2100; x_wconf 85' lang='lat' dir='ltr'><strong>praeter</strong></span> <span class='ocrx_word' id='word_1_141' title='bbox 397 2015 564 2091; x_wconf 86' lang='lat' dir='ltr'><strong>inlinitum,</strong></span> <span class='ocrx_word' id='word_1_142' title='bbox 586 2011 671 2096; x_wconf 91' lang='lat' dir='ltr'><strong>quod</strong></span> <span class='ocrx_word' id='word_1_143' title='bbox 693 2027 783 2076; x_wconf 85' lang='lat' dir='ltr'><strong>extra</strong></span> <span class='ocrx_word' id='word_1_144' title='bbox 802 2015 953 2078; x_wconf 86' lang='lat' dir='ltr'><strong>mundum</strong></span> <span class='ocrx_word' id='word_1_145' title='bbox 976 2029 1190 2096; x_wconf 78' lang='lat' dir='ltr'><strong>cervernum,</strong></span> <span class='ocrx_word' id='word_1_146' title='bbox 1218 2023 1335 2084; x_wconf 81' lang='lat' dir='ltr'><strong>animus</strong></span> <span class='ocrx_word' id='word_1_147' title='bbox 1371 2012 1376 2037; x_wconf 85' lang='lat'>¹</span> 
     </span>
     <span class='ocr_line' id='line_1_19' title="bbox 252 2117 1377 2200; baseline 0.004 -19"><span class='ocrx_word' id='word_1_148' title='bbox 252 2137 430 2200; x_wconf 88' lang='lat' dir='ltr'><strong>corporeus,</strong></span> <span class='ocrx_word' id='word_1_149' title='bbox 456 2136 518 2178; x_wconf 86' lang='lat' dir='ltr'><strong>vox</strong></span> <span class='ocrx_word' id='word_1_150' title='bbox 536 2137 697 2198; x_wconf 87' lang='lat' dir='ltr'><strong>corporea,</strong></span> <span class='ocrx_word' id='word_1_151' title='bbox 717 2130 749 2178; x_wconf 90' lang='lat' dir='ltr'><strong>et</strong></span> <span class='ocrx_word' id='word_1_152' title='bbox 771 2117 814 2179; x_wconf 89' lang='lat' dir='ltr'><strong>ita</strong></span> <span class='ocrx_word' id='word_1_153' title='bbox 836 2117 912 2179; x_wconf 92' lang='lat' dir='ltr'><strong>deus</strong></span> <span class='ocrx_word' id='word_1_154' title='bbox 934 2119 1087 2200; x_wconf 84' lang='lat' dir='ltr'><strong>quoque.”</strong></span> <span class='ocrx_word' id='word_1_155' title='bbox 1130 2121 1168 2182; x_wconf 90' lang='lat' dir='ltr'><strong>ln</strong></span> <span class='ocrx_word' id='word_1_156' title='bbox 1188 2123 1273 2184; x_wconf 78' lang='lat' dir='ltr'><strong>haec</strong></span> <span class='ocrx_word' id='word_1_157' title='bbox 1289 2145 1334 2185; x_wconf 83' lang='lat' dir='ltr'><strong>su·</strong></span> <span class='ocrx_word' id='word_1_158' title='bbox 1372 2148 1377 2197; x_wconf 86' lang='lat'>;</span> 
     </span>
     <span class='ocr_line' id='line_1_20' title="bbox 252 2218 1335 2306; baseline 0.006 -27"><span class='ocrx_word' id='word_1_159' title='bbox 252 2233 314 2280; x_wconf 85' lang='lat' dir='ltr'><strong>tem</strong></span> <span class='ocrx_word' id='word_1_160' title='bbox 337 2218 490 2276; x_wconf 80' lang='lat' dir='ltr'><strong>Bruclceri</strong></span> <span class='ocrx_word' id='word_1_161' title='bbox 511 2220 607 2278; x_wconf 80' lang='lat' dir='ltr'><strong>uerba</strong></span> <span class='ocrx_word' id='word_1_162' title='bbox 630 2219 858 2306; x_wconf 79' lang='lat' dir='ltr'><strong>observandum</strong></span> <span class='ocrx_word' id='word_1_163' title='bbox 880 2232 936 2298; x_wconf 87' lang='lat' dir='ltr'><strong>est,</strong></span> <span class='ocrx_word' id='word_1_164' title='bbox 957 2240 1020 2282; x_wconf 90' lang='lat' dir='ltr'><strong>non</strong></span> <span class='ocrx_word' id='word_1_165' title='bbox 1044 2242 1083 2284; x_wconf 85' lang='lat' dir='ltr'><strong>ex</strong></span> <span class='ocrx_word' id='word_1_166' title='bbox 1105 2243 1161 2284; x_wconf 83' lang='lat' dir='ltr'><strong>sua</strong></span> <span class='ocrx_word' id='word_1_167' title='bbox 1186 2226 1335 2306; x_wconf 78' lang='lat' dir='ltr'><strong>opinione</strong></span> 
     </span>
     <span class='ocr_line' id='line_1_21' title="bbox 252 2317 1380 2402; baseline 0.009 -21"><span class='ocrx_word' id='word_1_168' title='bbox 252 2320 295 2382; x_wconf 85' lang='lat' dir='ltr'><strong>sio</strong></span> <span class='ocrx_word' id='word_1_169' title='bbox 319 2317 465 2378; x_wconf 77' lang='lat' dir='ltr'><strong>Senecam</strong></span> <span class='ocrx_word' id='word_1_170' title='bbox 492 2317 624 2394; x_wconf 81' lang='lat' dir='ltr'><strong>dixisse,</strong></span> <span class='ocrx_word' id='word_1_171' title='bbox 653 2339 709 2380; x_wconf 87' lang='lat' dir='ltr'><strong>nec</strong></span> <span class='ocrx_word' id='word_1_172' title='bbox 739 2341 798 2400; x_wconf 89' lang='lat' dir='ltr'><strong>pro</strong></span> <span class='ocrx_word' id='word_1_173' title='bbox 827 2341 859 2384; x_wconf 86' lang='lat' dir='ltr'><strong>se</strong></span> <span class='ocrx_word' id='word_1_174' title='bbox 884 2323 954 2402; x_wconf 91' lang='lat' dir='ltr'><strong>ipso</strong></span> <span class='ocrx_word' id='word_1_175' title='bbox 982 2334 1013 2386; x_wconf 86' lang='lat' dir='ltr'><strong>et</strong></span> <span class='ocrx_word' id='word_1_176' title='bbox 1042 2324 1138 2386; x_wconf 83' lang='lat' dir='ltr'><strong>enimi</strong></span> <span class='ocrx_word' id='word_1_177' title='bbox 1164 2329 1218 2388; x_wconf 90' lang='lat' dir='ltr'><strong>sui</strong></span> <span class='ocrx_word' id='word_1_178' title='bbox 1250 2351 1335 2392; x_wconf 86' lang='lat' dir='ltr'><strong>sensu</strong></span> <span class='ocrx_word' id='word_1_179' title='bbox 1374 2318 1380 2372; x_wconf 63' lang='lat'><strong>&#39;,</strong></span> 
     </span>
     <span class='ocr_line' id='line_1_22' title="bbox 252 2419 1334 2503; baseline 0.011 -21"><span class='ocrx_word' id='word_1_180' title='bbox 252 2420 345 2482; x_wconf 90' lang='lat' dir='ltr'><strong>deum</strong></span> <span class='ocrx_word' id='word_1_181' title='bbox 365 2419 524 2482; x_wconf 76' lang='lat' dir='ltr'><strong>vomuisse</strong></span> <span class='ocrx_word' id='word_1_182' title='bbox 545 2425 745 2503; x_wconf 78' lang='lat' dir='ltr'><strong>incorporalem</strong></span> <span class='ocrx_word' id='word_1_183' title='bbox 763 2431 908 2501; x_wconf 78' lang='lat' dir='ltr'><strong>rationem,</strong></span> <span class='ocrx_word' id='word_1_184' title='bbox 927 2425 982 2486; x_wconf 86' lang='lat' dir='ltr'><strong>sed</strong></span> <span class='ocrx_word' id='word_1_185' title='bbox 1003 2425 1035 2486; x_wconf 91' lang='lat' dir='ltr'><strong>in</strong></span> <span class='ocrx_word' id='word_1_186' title='bbox 1057 2427 1116 2488; x_wconf 88' lang='lat' dir='ltr'><strong>hoc</strong></span> <span class='ocrx_word' id='word_1_187' title='bbox 1137 2429 1213 2490; x_wconf 90' lang='lat' dir='ltr'><strong>loco</strong></span> <span class='ocrx_word' id='word_1_188' title='bbox 1237 2435 1334 2494; x_wconf 73' lang='lat' dir='ltr'><strong>varin</strong></span> 
     </span>
     <span class='ocr_line' id='line_1_23' title="bbox 251 2521 1336 2612; baseline 0.006 -26"><span class='ocrx_word' id='word_1_189' title='bbox 251 2523 411 2586; x_wconf 78' lang='lat' dir='ltr'><strong>uariorum</strong></span> <span class='ocrx_word' id='word_1_190' title='bbox 439 2521 699 2604; x_wconf 81' lang='lat' dir='ltr'><strong>philosophorum</strong></span> <span class='ocrx_word' id='word_1_191' title='bbox 730 2524 768 2586; x_wconf 90' lang='lat' dir='ltr'><strong>de</strong></span> <span class='ocrx_word' id='word_1_192' title='bbox 797 2525 857 2588; x_wconf 89' lang='lat' dir='ltr'><strong>deo</strong></span> <span class='ocrx_word' id='word_1_193' title='bbox 887 2526 999 2610; x_wconf 83' lang='lat' dir='ltr'><strong>deique</strong></span> <span class='ocrx_word' id='word_1_194' title='bbox 1028 2541 1142 2592; x_wconf 86' lang='lat' dir='ltr'><strong>natura</strong></span> <span class='ocrx_word' id='word_1_195' title='bbox 1168 2533 1336 2612; x_wconf 78' lang='lat' dir='ltr'><strong>opiniones</strong></span> 
     </span>
     <span class='ocr_line' id='line_1_24' title="bbox 250 2625 1336 2711; baseline 0.007 -23"><span class='ocrx_word' id='word_1_196' title='bbox 250 2629 293 2690; x_wconf 91' lang='lat' dir='ltr'><strong>ita</strong></span> <span class='ocrx_word' id='word_1_197' title='bbox 319 2626 525 2700; x_wconf 84' lang='lat' dir='ltr'><strong>recensuisse,</strong></span> <span class='ocrx_word' id='word_1_198' title='bbox 555 2637 590 2686; x_wconf 89' lang='lat' dir='ltr'><strong>ut</strong></span> <span class='ocrx_word' id='word_1_199' title='bbox 618 2625 657 2686; x_wconf 88' lang='lat' dir='ltr'><strong>de</strong></span> <span class='ocrx_word' id='word_1_200' title='bbox 678 2627 717 2688; x_wconf 85' lang='lat' dir='ltr'><strong>iis</strong></span> <span class='ocrx_word' id='word_1_201' title='bbox 737 2647 826 2688; x_wconf 89' lang='lat' dir='ltr'><strong>euum</strong></span> <span class='ocrx_word' id='word_1_202' title='bbox 849 2647 912 2690; x_wconf 91' lang='lat' dir='ltr'><strong>non</strong></span> <span class='ocrx_word' id='word_1_203' title='bbox 934 2630 1149 2711; x_wconf 82' lang='lat' dir='ltr'><strong>interponeret</strong></span> <span class='ocrx_word' id='word_1_204' title='bbox 1172 2633 1336 2698; x_wconf 82' lang='lat' dir='ltr'><strong>iudicium.</strong></span> 
     </span>
     <span class='ocr_line' id='line_1_25' title="bbox 251 2725 1337 2815; baseline 0.012 -25"><span class='ocrx_word' id='word_1_205' title='bbox 251 2729 301 2796; x_wconf 88' lang='lat' dir='ltr'><strong>Sic</strong></span> <span class='ocrx_word' id='word_1_206' title='bbox 323 2730 405 2790; x_wconf 90' lang='lat' dir='ltr'><strong>enim</strong></span> <span class='ocrx_word' id='word_1_207' title='bbox 427 2728 569 2809; x_wconf 86' lang='lat' dir='ltr'><strong>loquitur</strong></span> <span class='ocrx_word' id='word_1_208' title='bbox 585 2725 627 2810; x_wconf 85' lang='lat'><strong>⁵):</strong></span> <span class='ocrx_word' id='word_1_209' title='bbox 661 2736 782 2812; x_wconf 69' lang='lat' dir='ltr'><strong>quisquis</strong></span> <span class='ocrx_word' id='word_1_210' title='bbox 811 2731 951 2805; x_wconf 74' lang='lat' dir='ltr'><strong>formator</strong></span> <span class='ocrx_word' id='word_1_211' title='bbox 975 2741 1094 2798; x_wconf 63' lang='lat' dir='ltr'><strong>malosi</strong></span> <span class='ocrx_word' id='word_1_212' title='bbox 1108 2735 1188 2815; x_wconf 77' lang='lat' dir='ltr'><strong>sctit,</strong></span> <span class='ocrx_word' id='word_1_213' title='bbox 1219 2745 1280 2802; x_wconf 72' lang='lat' dir='ltr'><strong>sice</strong></span> <span class='ocrx_word' id='word_1_214' title='bbox 1299 2746 1337 2802; x_wconf 79' lang='lat' dir='ltr'><strong>ide</strong></span> 
     </span>
     <span class='ocr_line' id='line_1_26' title="bbox 251 2834 1336 2922; baseline 0.01 -29"><span class='ocrx_word' id='word_1_215' title='bbox 251 2834 320 2894; x_wconf 76' lang='lat' dir='ltr'><strong>deus</strong></span> <span class='ocrx_word' id='word_1_216' title='bbox 340 2843 380 2894; x_wconf 77' lang='lat' dir='ltr'><strong>esi</strong></span> <span class='ocrx_word' id='word_1_217' title='bbox 399 2843 495 2910; x_wconf 79' lang='lat' dir='ltr'><strong>polens</strong></span> <span class='ocrx_word' id='word_1_218' title='bbox 515 2837 652 2903; x_wconf 82' lang='lat' dir='ltr'><strong>omnium,</strong></span> <span class='ocrx_word' id='word_1_219' title='bbox 681 2837 735 2892; x_wconf 76' lang='lat' dir='ltr'><strong>sebe</strong></span> <span class='ocrx_word' id='word_1_220' title='bbox 754 2837 936 2912; x_wconf 77' lang='lat' dir='ltr'><strong>irrcorporolis</strong></span> <span class='ocrx_word' id='word_1_221' title='bbox 955 2843 1028 2898; x_wconf 82' lang='lat' dir='ltr'><strong>rntr&#39;o</strong></span> <span class='ocrx_word' id='word_1_222' title='bbox 1047 2845 1200 2915; x_wconf 64' lang='lat' dir='ltr'><strong>eremium</strong></span> <span class='ocrx_word' id='word_1_223' title='bbox 1219 2865 1336 2922; x_wconf 73' lang='lat' dir='ltr'><strong>opernm</strong></span> 
     </span>
     <span class='ocr_line' id='line_1_27' title="bbox 251 2933 1339 3027; baseline 0.009 -31"><span class='ocrx_word' id='word_1_224' title='bbox 251 2933 364 3015; x_wconf 73' lang='lat' dir='ltr'><strong>anison,</strong></span> <span class='ocrx_word' id='word_1_225' title='bbox 384 2939 439 2994; x_wconf 79' lang='lat' dir='ltr'><strong>sivo</strong></span> <span class='ocrx_word' id='word_1_226' title='bbox 461 2935 566 2994; x_wconf 70' lang='lat' dir='ltr'><strong>diuinus</strong></span> <span class='ocrx_word' id='word_1_227' title='bbox 585 2937 708 3012; x_wconf 81' lang='lat' dir='ltr'><strong>spiritus,</strong></span> <span class='ocrx_word' id='word_1_228' title='bbox 730 2953 782 3012; x_wconf 86' lang='lat' dir='ltr'><strong>per</strong></span> <span class='ocrx_word' id='word_1_229' title='bbox 803 2941 897 2996; x_wconf 68' lang='lat' dir='ltr'><strong>omna</strong></span> <span class='ocrx_word' id='word_1_230' title='bbox 917 2944 1047 3000; x_wconf 71' lang='lat' dir='ltr'><strong>monimo</strong></span> <span class='ocrx_word' id='word_1_231' title='bbox 1066 2946 1193 3014; x_wconf 74' lang='lat' dir='ltr'><strong>minima,</strong></span> <span class='ocrx_word' id='word_1_232' title='bbox 1221 2951 1339 3027; x_wconf 74' lang='lat' dir='ltr'><strong>nequod</strong></span> 
     </span>
     <span class='ocr_line' id='line_1_28' title="bbox 250 3033 1335 3114; baseline 0.007 -14"><span class='ocrx_word' id='word_1_233' title='bbox 250 3043 393 3100; x_wconf 75' lang='lat' dir='ltr'><strong>immutans</strong></span> <span class='ocrx_word' id='word_1_234' title='bbox 414 3033 552 3114; x_wconf 72' lang='lat' dir='ltr'><strong>diffissus,</strong></span> <span class='ocrx_word' id='word_1_235' title='bbox 581 3041 636 3094; x_wconf 79' lang='lat' dir='ltr'><strong>sice</strong></span> <span class='ocrx_word' id='word_1_236' title='bbox 652 3033 751 3114; x_wconf 81' lang='lat' dir='ltr'><strong>sotum</strong></span> <span class='ocrx_word' id='word_1_237' title='bbox 773 3045 831 3096; x_wconf 88' lang='lat' dir='ltr'><strong>etc.</strong></span> <span class='ocrx_word' id='word_1_238' title='bbox 882 3037 1070 3102; x_wconf 74' lang='lat' dir='ltr'><strong>lucrandam</strong></span> <span class='ocrx_word' id='word_1_239' title='bbox 1093 3061 1128 3100; x_wconf 85' lang='lat' dir='ltr'><strong>ac</strong></span> <span class='ocrx_word' id='word_1_240' title='bbox 1150 3042 1335 3108; x_wconf 80' lang='lat' dir='ltr'><strong>Brackerns</strong></span> 
     </span>
     <span class='ocr_line' id='line_1_29' title="bbox 250 3138 1334 3227; baseline 0.013 -29"><span class='ocrx_word' id='word_1_241' title='bbox 250 3139 356 3216; x_wconf 84' lang='lat' dir='ltr'><strong>lapsus</strong></span> <span class='ocrx_word' id='word_1_242' title='bbox 378 3146 444 3195; x_wconf 83' lang='lat' dir='ltr'><strong>erat</strong></span> <span class='ocrx_word' id='word_1_243' title='bbox 466 3153 605 3196; x_wconf 88' lang='lat' dir='ltr'><strong>errorem</strong></span> <span class='ocrx_word' id='word_1_244' title='bbox 627 3139 700 3198; x_wconf 87' lang='lat' dir='ltr'><strong>clar.</strong></span> <span class='ocrx_word' id='word_1_245' title='bbox 723 3138 885 3216; x_wconf 84' lang='lat' dir='ltr'><strong>Menngius</strong></span> <span class='ocrx_word' id='word_1_246' title='bbox 910 3138 1183 3227; x_wconf 64' lang='lat' dir='ltr'><strong>admonisset),</strong></span> <span class='ocrx_word' id='word_1_247' title='bbox 1210 3149 1269 3208; x_wconf 92' lang='lat' dir='ltr'><strong>ubi</strong></span> <span class='ocrx_word' id='word_1_248' title='bbox 1292 3150 1334 3212; x_wconf 88' lang='lat' dir='ltr'><strong>di·</strong></span> 
     </span>
     <span class='ocr_line' id='line_1_30' title="bbox 251 3233 1334 3327; baseline 0.013 -28"><span class='ocrx_word' id='word_1_249' title='bbox 251 3238 293 3300; x_wconf 85' lang='lat' dir='ltr'><strong>cit</strong></span> <span class='ocrx_word' id='word_1_250' title='bbox 315 3233 561 3312; x_wconf 82' lang='lat' dir='ltr'><strong>Aldnbrandino,</strong></span> <span class='ocrx_word' id='word_1_251' title='bbox 583 3240 639 3318; x_wconf 91' lang='lat' dir='ltr'><strong>qui</strong></span> <span class='ocrx_word' id='word_1_252' title='bbox 658 3239 690 3299; x_wconf 90' lang='lat' dir='ltr'><strong>in</strong></span> <span class='ocrx_word' id='word_1_253' title='bbox 708 3257 803 3318; x_wconf 83' lang='lat' dir='ltr'><strong>supra</strong></span> <span class='ocrx_word' id='word_1_254' title='bbox 821 3240 948 3305; x_wconf 80' lang='lat' dir='ltr'><strong>laudato</strong></span> <span class='ocrx_word' id='word_1_255' title='bbox 964 3243 1083 3306; x_wconf 77' lang='lat' dir='ltr'><strong>Leontii</strong></span> <span class='ocrx_word' id='word_1_256' title='bbox 1100 3247 1171 3308; x_wconf 84' lang='lat' dir='ltr'><strong>loco</strong></span> <span class='ocrx_word' id='word_1_257' title='bbox 1189 3269 1255 3327; x_wconf 88' lang='lat' dir='ltr'><strong>pro</strong></span> <span class='ocrx_word' id='word_1_258' title='bbox 1274 3249 1334 3317; x_wconf 77' lang='lat' dir='ltr'><strong>oei-</strong></span> 
     </span>
     <span class='ocr_line' id='line_1_31' title="bbox 250 3332 1333 3426; baseline 0.012 -23"><span class='ocrx_word' id='word_1_259' title='bbox 250 3359 345 3421; x_wconf 78' lang='grc' dir='ltr'><strong>ματα</strong></span> <span class='ocrx_word' id='word_1_260' title='bbox 356 3333 540 3400; x_wconf 74' lang='lat' dir='ltr'><strong>emendabat</strong></span> <span class='ocrx_word' id='word_1_261' title='bbox 551 3332 636 3406; x_wconf 78' lang='lat' dir='ltr'><strong>dilui</strong></span> <span class='ocrx_word' id='word_1_262' title='bbox 648 3343 702 3408; x_wconf 77' lang='lat' dir='ltr'><strong>uel</strong></span> <span class='ocrx_word' id='word_1_263' title='bbox 713 3339 896 3408; x_wconf 66' lang='lat' dir='ltr'><strong>AmMA</strong></span> <span class='ocrx_word' id='word_1_264' title='bbox 900 3345 966 3410; x_wconf 85' lang='lat' dir='ltr'><strong>TA</strong></span> <span class='ocrx_word' id='word_1_265' title='bbox 975 3347 1062 3414; x_wconf 73' lang='lat' dir='ltr'><strong>eluar</strong></span> <span class='ocrx_word' id='word_1_266' title='bbox 1077 3341 1137 3420; x_wconf 78' lang='lat' dir='ltr'><strong>scic</strong></span> <span class='ocrx_word' id='word_1_267' title='bbox 1151 3349 1333 3426; x_wconf 78' lang='grc' dir='ltr'><em>ΑΡΧΑΣ,</em></span> 
     </span>
    </p>
   </div>
   <div class='ocr_carea' id='block_1_3' title="bbox 250 3437 1333 3628">
    <p class='ocr_par' dir='ltr' id='par_1_3' title="bbox 250 3437 1333 3628">
     <span class='ocr_line' id='line_1_32' title="bbox 250 3437 1332 3527; baseline 0.015 -27"><span class='ocrx_word' id='word_1_268' title='bbox 250 3440 357 3502; x_wconf 83' lang='lat' dir='ltr'><strong>lavere</strong></span> <span class='ocrx_word' id='word_1_269' title='bbox 384 3439 500 3498; x_wconf 90' lang='lat' dir='ltr'><strong>huncce</strong></span> <span class='ocrx_word' id='word_1_270' title='bbox 521 3437 655 3500; x_wconf 84' lang='lat' dir='ltr'><strong>Senecae</strong></span> <span class='ocrx_word' id='word_1_271' title='bbox 683 3440 775 3502; x_wconf 88' lang='lat' dir='ltr'><strong>deum</strong></span> <span class='ocrx_word' id='word_1_272' title='bbox 799 3448 1000 3527; x_wconf 79' lang='lat' dir='ltr'><strong>incorporalem</strong></span> <span class='ocrx_word' id='word_1_273' title='bbox 1024 3456 1160 3512; x_wconf 76' lang='lat' dir='ltr'><strong>rationem</strong></span> <span class='ocrx_word' id='word_1_274' title='bbox 1191 3457 1332 3516; x_wconf 81' lang='lat' dir='ltr'><strong>vocantis</strong></span> 
     </span>
     <span class='ocr_line' id='line_1_33' title="bbox 250 3543 1333 3628; baseline 0.015 -26"><span class='ocrx_word' id='word_1_275' title='bbox 250 3543 369 3615; x_wconf 91' lang='lat' dir='ltr'><strong>locum,</strong></span> <span class='ocrx_word' id='word_1_276' title='bbox 397 3555 489 3620; x_wconf 91' lang='lat' dir='ltr'><strong>quem</strong></span> <span class='ocrx_word' id='word_1_277' title='bbox 513 3548 660 3620; x_wconf 85' lang='lat' dir='ltr'><strong>tanquam</strong></span> <span class='ocrx_word' id='word_1_278' title='bbox 683 3544 843 3623; x_wconf 80' lang='lat' dir='ltr'><strong>propriam</strong></span> <span class='ocrx_word' id='word_1_279' title='bbox 870 3568 905 3608; x_wconf 86' lang='lat' dir='ltr'><strong>ac</strong></span> <span class='ocrx_word' id='word_1_280' title='bbox 930 3550 1119 3628; x_wconf 83' lang='lat' dir='ltr'><strong>peculiarem</strong></span> <span class='ocrx_word' id='word_1_281' title='bbox 1140 3551 1281 3616; x_wconf 65' lang='lat' dir='ltr'><strong>sanem</strong></span> <span class='ocrx_word' id='word_1_282' title='bbox 1304 3572 1333 3620; x_wconf 93' lang='lat' dir='ltr'><strong>et</strong></span> 
     </span>
    </p>
   </div>
   <div class='ocr_carea' id='block_1_4' title="bbox 249 3641 1331 3724">
    <p class='ocr_par' dir='ltr' id='par_1_4' title="bbox 249 3641 1331 3724">
     <span class='ocr_line' id='line_1_34' title="bbox 249 3641 1331 3724; baseline 0.019 -22"><span class='ocrx_word' id='word_1_283' title='bbox 249 3641 320 3705; x_wconf 85' lang='lat' dir='ltr'><strong>ideo</strong></span> <span class='ocrx_word' id='word_1_284' title='bbox 349 3641 525 3705; x_wconf 85' lang='lat' dir='ltr'><strong>stoicorum</strong></span> <span class='ocrx_word' id='word_1_285' title='bbox 557 3643 741 3706; x_wconf 85' lang='lat' dir='ltr'><strong>sententiam</strong></span> <span class='ocrx_word' id='word_1_286' title='bbox 771 3647 927 3710; x_wconf 88' lang='lat' dir='ltr'><strong>immerito</strong></span> <span class='ocrx_word' id='word_1_287' title='bbox 957 3649 1092 3716; x_wconf 85' lang='lat' dir='ltr'><strong>adducit.</strong></span> <span class='ocrx_word' id='word_1_288' title='bbox 1148 3657 1331 3724; x_wconf 72' lang='lat' dir='ltr'><strong>accuratius</strong></span> 
     </span>
    </p>
   </div>
   <div class='ocr_carea' id='block_1_5' title="bbox 253 3785 537 3800">
    <p class='ocr_par' dir='ltr' id='par_1_5' title="bbox 253 3785 537 3800">
     <span class='ocr_line' id='line_1_35' title="bbox 253 3785 537 3800; baseline 0.021 -4"><span class='ocrx_word' id='word_1_289' title='bbox 253 3785 537 3800; x_wconf 58' lang='lat' dir='ltr'><strong>-u-——fl—-t-</strong></span> 
     </span>
    </p>
   </div>
   <div class='ocr_carea' id='block_1_6' title="bbox 320 3876 1092 4130">
    <p class='ocr_par' dir='ltr' id='par_1_6' title="bbox 320 3876 1092 4130">
     <span class='ocr_line' id='line_1_36' title="bbox 320 3876 997 3954; baseline 0.016 -26"><span class='ocrx_word' id='word_1_290' title='bbox 320 3876 350 3943; x_wconf 82' lang='lat'><strong>1)</strong></span> <span class='ocrx_word' id='word_1_291' title='bbox 368 3877 469 3931; x_wconf 85' lang='lat' dir='ltr'><strong>Strorn.</strong></span> <span class='ocrx_word' id='word_1_292' title='bbox 487 3881 511 3931; x_wconf 86' lang='lat' dir='ltr'><strong>t.</strong></span> <span class='ocrx_word' id='word_1_293' title='bbox 530 3899 555 3949; x_wconf 88' lang='lat' dir='ltr'><strong>p.</strong></span> <span class='ocrx_word' id='word_1_294' title='bbox 571 3881 631 3934; x_wconf 72' lang='lat'>699.</span> <span class='ocrx_word' id='word_1_295' title='bbox 805 3881 835 3951; x_wconf 98' lang='grc'><strong>2)</strong></span> <span class='ocrx_word' id='word_1_296' title='bbox 852 3882 916 3954; x_wconf 75' lang='lat' dir='ltr'><strong>Peg.</strong></span> <span class='ocrx_word' id='word_1_297' title='bbox 935 3887 997 3940; x_wconf 79' lang='lat'><strong>2⁰2.</strong></span> 
     </span>
     <span class='ocr_line' id='line_1_37' title="bbox 321 3961 1092 4046; baseline 0.022 -32"><span class='ocrx_word' id='word_1_298' title='bbox 321 3961 351 4027; x_wconf 76' lang='grc'><strong>3)</strong></span> <span class='ocrx_word' id='word_1_299' title='bbox 367 3963 431 4035; x_wconf 75' lang='lat' dir='ltr'><strong>Peg.</strong></span> <span class='ocrx_word' id='word_1_300' title='bbox 449 3967 510 4020; x_wconf 81' lang='grc'><strong>201.</strong></span> <span class='ocrx_word' id='word_1_301' title='bbox 805 3968 837 4036; x_wconf 79' lang='lat'><strong>4)</strong></span> <span class='ocrx_word' id='word_1_302' title='bbox 853 3969 931 4026; x_wconf 83' lang='lat' dir='ltr'><strong>Tem·</strong></span> <span class='ocrx_word' id='word_1_303' title='bbox 950 3970 970 4026; x_wconf 90' lang='lat' dir='ltr'><strong>l.</strong></span> <span class='ocrx_word' id='word_1_304' title='bbox 987 3993 1014 4046; x_wconf 88' lang='lat' dir='ltr'><strong>p.</strong></span> <span class='ocrx_word' id='word_1_305' title='bbox 1031 3977 1092 4032; x_wconf 73' lang='lat'><strong>924.</strong></span> 
     </span>
     <span class='ocr_line' id='line_1_38' title="bbox 320 4045 993 4130; baseline 0.019 -29"><span class='ocrx_word' id='word_1_306' title='bbox 320 4045 351 4112; x_wconf 75' lang='grc'><strong>2)</strong></span> <span class='ocrx_word' id='word_1_307' title='bbox 369 4046 410 4100; x_wconf 80' lang='lat' dir='ltr'><strong>Ad</strong></span> <span class='ocrx_word' id='word_1_308' title='bbox 429 4050 544 4106; x_wconf 81' lang='lat' dir='ltr'><strong>Helviam</strong></span> <span class='ocrx_word' id='word_1_309' title='bbox 566 4074 588 4108; x_wconf 88' lang='lat' dir='ltr'><strong>c.</strong></span> <span class='ocrx_word' id='word_1_310' title='bbox 607 4059 632 4108; x_wconf 89' lang='grc'><strong>8.</strong></span> <span class='ocrx_word' id='word_1_311' title='bbox 802 4057 832 4126; x_wconf 84' lang='lat' dir='ltr'><strong>li)</strong></span> <span class='ocrx_word' id='word_1_312' title='bbox 850 4059 914 4130; x_wconf 76' lang='lat' dir='ltr'><strong>Pag-</strong></span> <span class='ocrx_word' id='word_1_313' title='bbox 932 4063 993 4116; x_wconf 71' lang='lat'><strong>183.</strong></span> 
     </span>
    </p>
   </div>
   <div class='ocr_carea' id='block_1_7' title="bbox 0 0 1414 4860">
    <p class='ocr_par' dir='ltr' id='par_1_7' title="bbox 0 0 1414 4860">
     <span class='ocr_line' id='line_1_39' title="bbox 0 0 1414 4860; baseline 0 0"><span class='ocrx_word' id='word_1_314' title='bbox 0 0 1414 4860; x_wconf 95' lang='lat' dir='ltr'><strong> </strong></span> 
     </span>
    </p>
   </div>
  </div>
 </body>
</html>
