2818 4860
440 349 675 409 -523-

20 518 95 578 dem.
138 512 285 578 Vidimus
306 511 442 576 Plinium
458 511 485 598 1)
506 511 636 590 daune,
657 511 758 576 sidera
782 513 850 594 ipen
874 525 920 578 tot
942 527 972 578 et
994 527 1098 578 tnntne

20 616 241 697 magnitudinis
267 635 383 680 oceano
409 615 513 696 pauci,
544 614 629 696 quod
660 618 734 678 solie
761 617 927 698 proprium
953 632 1037 694 erat,
1068 629 1118 680 et·

20 719 94 780 alibi
109 717 138 803 2)
160 719 357 796 observasse,
389 720 464 781 haec
487 716 594 780 eadem
616 717 718 780 nidera
747 719 829 782 houd
852 719 945 784 dubie
967 723 1099 782 humore

20 835 145 884 terreno
168 823 268 902 parci,
292 839 356 903 quo
379 840 443 882 non
468 821 568 882 nolum
591 831 689 898 notra,
709 820 764 882 aed
787 821 881 882 etiam
903 824 949 884 sol
972 834 1003 882 ot
1025 823 1101 882 luna

20 925 185 1006 praecipue
200 925 466 988 auotentabantur.
509 922 626 984 Seneca
638 921 680 1005 ⁵):
705 927 804 990 Totum
819 927 872 988 hoo
889 929 1004 1002 coelum,
1024 927 1101 1008 quod

20 1034 114 1105 ῐμισιιι
133 1031 245 1102 nabar,
278 1031 378 1091 munda*
395 1051 508 1092 summo
526 1049 614 1111 pora,
646 1029 771 1103 claudit,
804 1049 897 1092 omnes
919 1030 976 1090 Ιισα
996 1031 1101 1104 stellae,

20 1151 141 1211 quarum
162 1135 227 1192 ιἰιιίι1
245 1151 299 1192 nou
316 1145 406 1212 potest
428 1155 569 1208 numerus,
592 1135 678 1192 omnir
699 1133 743 1192 lu'o
765 1134 919 1192 coelartr'um
941 1145 1044 1208 rodus,
1064 1145 1101 1207 et,

20 1246 49 1294 ut
77 1237 139 1299 olr'n
163 1246 361 1316 praeteream,
390 1237 435 1296 lu'c
462 1248 523 1298 tom
549 1255 638 1316 propa
659 1256 680 1296 ο
703 1237 779 1296 notu
801 1255 888 1312 ομνια
912 1255 1025 1294 cursum
1051 1237 1101 1310 sol,

20 1341 96 1396 omru'
120 1345 262 1397 terrorum
290 1338 396 1398 ambitu
426 1359 480 1398 nou
506 1340 591 1398 semel
616 1344 725 1414 moror,
756 1341 916 1400 alimeruum
937 1357 973 1398 σα·
991 1348 1101 1398 terreno

20 1439 144 1512 trolrmrt,
165 1450 192 1500 at
212 1443 285 1500 r'nter
303 1461 334 1502 ιο
351 1445 524 1521 partiuntur,
543 1461 593 1502 uec
615 1442 669 1502 ullo
690 1443 746 1502 olio
767 1441 879 1514 scilr'cet,
904 1457 991 1520 quom
1011 1439 1101 1499 halitu

20 1553 161 1602 terrorum
180 1548 362 1616 auctmentum
383 1545 436 1604 Ιιοσ
457 1545 510 1604 ι’ἱΙιί
529 1545 700 1619 alimentum,
720 1546 764 1604 lu'o
782 1553 882 1624 pastus
903 1553 953 1604 est.
996 1539 1047 1600 Sic
1069 1551 1101 1600 et

20 1641 177 1704 Cornutus
191 1640 220 1725 4)
243 1642 328 1721 dicit,
350 1656 465 1706 terram
485 1664 544 1724 pro
566 1645 768 1709 lundomento
790 1646 977 1708 substratam
996 1642 1101 1718 luisse,

20 1755 47 1804 at
73 1744 110 1804 ab
131 1745 188 1804 hac
210 1745 296 1806 nnaci
318 1765 417 1828 eaque
439 1747 482 1808 oli
503 1747 626 1808 omnine
649 1749 838 1831 γινομένων
860 1749 915 1812 nat
934 1746 1099 1828 τρεφομὲκ

20 1867 86 1909 νσιν
107 1846 271 1912 ἐντεῦθεν
294 1841 455 1921 πάντων,
483 1857 514 1906 et
537 1847 614 1908 alibi
631 1845 657 1930 ⁵)
679 1847 718 1908 de
738 1850 797 1908 hac
818 1846 925 1908 eadem
948 1858 1033 1906 terra
1055 1846 1102 1904 lo·

20 1965 136 2026 quens:
159 1938 203 2010 ad
226 1948 317 2029 nino
342 1941 385 2012 nd
409 1951 444 2014 ἐν
467 1948 512 2032 σῷ
533 1944 645 2031 κόσμῳ
665 1951 832 2016 ἐντεῦθεν
852 1947 1026 2030 τρέφεται,
1048 1948 1101 2012 rol

20 2041 74 2113 dtu*
101 2045 235 2129 ταύτην
262 2043 467 2130 ὑφέστηκεν,
498 2049 553 2109 ubi
579 2049 649 2130 quie
671 2050 753 2112 lorte
775 2053 879 2128 legere
901 2057 1036 2108 tentaret
1058 2041 1100 2112 nd

20 2153 155 2231 ἔμιισρα
188 2169 255 2210 cum
287 2149 416 2210 Laertio
449 2147 633 2234 dicente5),
672 2153 859 2234 τρέφεσθαι
889 2143 931 2216 roi
963 2153 1100 2230 ἔμπυρα

20 2251 137 2316 ταῦτα.
191 2249 335 2331 Denique
364 2249 448 2312 idem
478 2250 636 2314 Cornutus
667 2252 786 2336 olibi7)
813 2255 893 2316 hanc
915 2251 1007 2312 affert
1030 2269 1100 2310 cau·

20 2373 93 2430 ram,
116 2358 173 2413 cur
192 2354 240 2413 eol
260 2353 379 2432 Apollo
400 2352 540 2416 dicotur:
565 2355 619 2420 ιισὶ
639 2348 706 2438 ylio
723 2350 784 2422 σὸν
800 2351 998 2422 ἀπολλύντα
1015 2349 1101 2416 auri·
1147 2337 1149 2346 ¹

20 2479 82 2537 ιην
103 2451 167 2536 τὴν
186 2447 418 2536 διακόσμησιν,
438 2457 597 2521 ’τοιοῦτον
618 2457 717 2531 εἶναι,
742 2449 796 2522 tul
817 2457 941 2523 σσὺισν
965 2453 1102 2536 διατμί-

21 2563 90 2636 ζειν
118 2554 174 2638 (eie
203 2556 271 2633 lege
301 2575 370 2616 cum
404 2555 531 2634 optimis
560 2555 650 2618 codd.
681 2576 741 2635 pro
772 2553 825 2622 «tul
852 2557 914 2622 τοῦ
938 2550 1102 2637 νομίζειν)

21 2651 238 2728 idcuieinaorc
265 2652 442 2724 nereidae
468 2653 575 2738 αὐτῆς
602 2651 641 2722 ad
669 2651 796 2739 v‘yoo'r,
828 2657 883 2723 aul
916 2657 960 2740 σῷ
987 2653 1100 2735 αἰθέρι

21 2755 342 2839 σροσιιασατσὶττειν.
390 2757 551 2841 Seneca⁸)
584 2756 764 2834 contendit,
798 2777 814 2818 e
840 2759 927 2818 coelo
957 2768 989 2816 et
1019 2767 1102 2814 terra

21 2860 165 2920 tlimenta
188 2859 332 2920 omnibus
354 2859 559 2938 animalibus,
582 2859 726 2920 omnibus
749 2859 840 2936 antia,
862 2860 1006 2920 omnibus
1028 2857 1101 2917 etel-

21 2963 56 3022 lia
79 2958 188 3022 dividi.
232 2964 309 3022 Hinc
331 2965 469 3045 quidquid
490 2976 529 3024 est
551 2968 658 3037 virtum,
686 2961 801 3041 inquit,
822 2965 945 3040 siugulis,
966 2964 1028 3020 tuuc
1050 2964 1102 3040 ipsi

21 3067 122 3124 *nunde
148 3076 209 3124 tam
238 3065 328 3124 multa
355 3070 479 3143 poscenti
502 3066 745 3138 saturatur-arur,
772 3066 835 3124 lrr‘uc
854 3063 1014 3144 profertur,
1045 3082 1100 3140 ιμισ

21 3171 205 3225 rustr'neontur
226 3177 266 3226 tot
289 3166 405 3241 sidero,
438 3178 498 3227 tom
520 3172 695 3240 exercitata,
724 3177 785 3225 tom
815 3168 916 3240 avida,
946 3187 999 3244 per
1027 3164 1101 3222 σιἀιιι

22 3279 197 3347 noctemque,
230 3279 260 3327 ut
286 3272 314 3326 in
342 3289 440 3346 opera,
472 3275 514 3330 ito
535 3281 561 3330 et
582 3273 610 3327 ιἰι
629 3279 730 3349 postm-
768 3267 821 3326 ubi
851 3264 968 3326 indicat
997 3261 1100 3326 sidera

22 3367 132 3430 Stoicis
155 3385 221 3428 ease
243 3366 404 3446 animalia,
427 3369 511 3450 quod
534 3368 617 3430 inira
643 3368 932 3430 demonstrabimus.

22 3580 126 3636 Pacuvii
140 3583 264 3651 uersibus,
279 3603 347 3656 quoa
356 3595 415 3656 post
425 3583 592 3658 scaligerum
608 3587 640 3640 ad
652 3586 802 3638 Varronem
814 3603 841 3656 p.
853 3586 886 3638 31
899 3593 925 3636 et
938 3578 1101 3634 Gatalteruru

26 3689 45 3722 n
65 3669 152 3724 Marc.
170 3670 271 3725 Aulon.
286 3673 334 3740 1V,
351 3675 394 3727 23.
414 3675 565 3728 emendavit
582 3671 775 3728 Valckenarius
790 3671 913 3726 Diatribe
932 3689 955 3722 c.
971 3672 996 3721 6.
1015 3685 1042 3737 ρ.
1055 3670 1102 3728 ll,

27 3758 129 3827 egitur:
147 3759 262 3810 indidem
280 3763 423 3833 eodemque
441 3764 568 3816 oriuntur
586 3763 618 3813 rte
636 3764 741 3833 integro
758 3771 842 3832 atquc
860 3758 949 3810 eodem
967 3754 1100 3806 occidunt.

22 3844 302 3912 jPraeiritVilloiaono
316 3850 469 3918 Lambinus,
487 3850 563 3904 ouius
577 3849 719 3903 lectionem
735 3865 823 3918 nuper
836 3842 951 3914 suscepit
961 3838 1101 3905 Ocellina]

90 3933 120 4000 1)
140 3932 171 3986 ll.
191 3931 223 3986 N.
242 3935 275 3999 ll,
295 3938 338 3989 68.
585 3937 615 4003 2)
633 3935 699 3988 thid.
720 3937 753 4000 ll,
772 3937 797 3987 9.

90 4019 121 4086 3)
140 4020 248 4087 Quarat.
268 4032 322 4074 nat.
341 4022 386 4086 Vl,
405 4026 447 4078 16.
584 4022 617 4091 4)
636 4019 702 4091 Cap.
722 4024 749 4074 6.
768 4039 794 4090 p.
812 4020 893 4072 148«

90 4107 121 4174 6)
139 4105 205 4179 Cap.
224 4113 265 4162 ²8.
286 4127 311 4180 p.
331 4113 393 4164 2⁰8.
497 4103 499 4108 ,
586 4107 616 4176 6)
634 4109 699 4179 Peg.
718 4111 778 4162 199.

89 4195 120 4262 l)
140 4195 205 4267 Cap.
225 4200 267 4251 82.
286 4217 312 4269 p.
331 4201 392 4250 224.
588 4198 617 4264 8)
638 4196 748 4264 Quaeat.
766 4205 821 4249 nat.
840 4195 874 4260 ll,
893 4193 919 4244 6.
