2774 4840
420 351 656 414 -ott—

18 537 25 582 ss·
35 519 179 582 Cornuto
195 517 311 582 dicitur
325 514 567 603 βουλεύεσθαι.
610 519 662 582 Sic
678 517 760 582 idam
776 519 901 599 Seneca,
922 531 976 581 aut
993 521 1078 602 quis·
1165 597 1169 602 Ι

19 622 71 684 uia
95 623 154 684 tuit
176 633 286 684 auctor
306 618 464 682 Troadum
482 621 525 706 ¹):

18 767 20 798 ,
130 729 200 788 Post
220 737 335 786 mortem
356 727 423 786 nibil
442 739 499 802 est,
520 733 638 810 ipsaque
658 749 733 789 mors
754 729 835 806 nibil,

128 830 226 889 celocis
244 832 332 908 spatii
350 839 426 889 meta
446 834 602 891 norissima.

131 933 214 1012 Spem
235 941 341 1012 ponam
362 932 454 1001 aoidi‚·
475 933 584 993 solliciti
601 945 714 994 muum.

135 1031 272 1115 Quouis,
294 1055 350 1115 quo
370 1039 467 1095 iaceas
486 1037 671 1111 carcubium
692 1038 775 1098 loco?

18 1209 19 1216 ἵ
137 1137 202 1218 Quo
221 1157 275 1196 nan
295 1149 366 1198 nata
386 1143 488 1198 iacent.

18 1231 151 1324 f'iusdem
175 1247 207 1296 at
228 1237 330 1314 gentis
351 1249 383 1297 at
405 1249 504 1299 sectae
526 1235 669 1298 Lucanus
683 1236 728 1317 ²):

134 1341 194 1402 Aa
211 1341 278 1400 nibil
298 1352 338 1401 est
359 1360 454 1401 sensus
473 1346 574 1401 animis
594 1361 614 1401 o
635 1353 724 1402 mone
744 1344 885 1415 relictum,

135 1454 187 1503 out
207 1464 284 1503 mors
304 1449 367 1524 ipsa
387 1446 463 1504 mbil.

18 1543 56 1636 bic
78 1553 110 1604 et
131 1543 252 1604 Plinius
265 1543 311 1629 5):
342 1549 411 1609 Post
437 1549 609 1629 sepulturam
638 1549 714 1608 ab'ae
741 1559 827 1630 atque
853 1549 929 1607 aliae
955 1549 1084 1608 Munium

18 1649 152 1738 ambages.
204 1649 335 1710 Omnibus
357 1671 377 1711 a
398 1672 531 1731 supremo
551 1652 597 1712 die
618 1653 735 1726 eadem,
766 1671 841 1733 quae
862 1662 927 1712 onte
944 1657 1084 1731 primum:

22 1772 53 1812 ec
75 1755 167 1827 inagis
188 1769 209 1812 a
229 1763 318 1814 morte
336 1773 433 1814 sensas
458 1755 529 1814 ullus
554 1765 605 1814 aut
627 1758 740 1834 corpori
761 1765 813 1814 aut
834 1758 963 1827 animae,
998 1773 1085 1834 quam

18 1867 71 1916 mle
92 1861 226 1916 natalem.
275 1856 385 1916 Eodem
406 1861 477 1916 enim
499 1862 608 1917 ronias
629 1861 656 1916 in
670 1856 802 1934 suburam
823 1841 908 1916 ctiam
930 1877 960 1914 se
978 1875 1086 1934 propo-

18 1971 73 2033 ἀι,
94 1971 121 2018 et
142 1963 169 2018 in
191 1963 285 2020 mortis
306 1979 416 2039 quoque
434 1970 562 2039 tempora
582 1965 645 2038 ipsa
665 1958 719 2018 sibi
739 1962 823 2018 citam
844 1962 992 2018 mentitur:
1013 1959 1087 2018 alias

18 2062 242 2120 mmortalitatem
264 2063 392 2135 ammae,
419 2062 492 2120 alias
512 2060 801 2140 transfigurationem,
821 2060 894 2118 alios
913 2079 1023 2119 sensam
1044 2064 1086 2119 in·
1131 2117 1133 2120 .

18 2165 63 2224 crs
84 2162 202 2238 dando,
221 2173 249 2222 et
269 2163 372 2224 Manes
393 2164 507 2222 colendo
528 2165 667 2244 deumque
679 2162 835 2241 faciendo,
857 2165 907 2243 qui
924 2165 983 2222 iam
1001 2167 1087 2222 etiam

18 2275 89 2328 nomo
110 2285 170 2325 esse
190 2265 319 2325 desicn't:
347 2285 398 2324 ceu
419 2285 482 2326 aero
510 2268 563 2326 ullo
588 2264 671 2325 modo
696 2265 827 2343 spr'ramli
850 2267 925 2324 ratio
944 2265 1051 2324 bomini
1067 2283 1087 2323 a

18 2375 106 2431 :aaran
127 2367 295 2428 animalibus
317 2367 407 2440 distet,
429 2379 556 2427 autnon
577 2367 754 2428 diuturniora
775 2372 803 2425 in
821 2369 877 2425 aito
898 2366 987 2425 multa
1007 2387 1086 2446 repe·

18 2479 133 2546 dantur,
156 2470 254 2552 quibus
274 2491 353 2528 nemo
375 2471 489 2529 similem
512 2470 617 2530 divinat
636 2471 881 2530 immortalilatem.
926 2468 1012 2548 Quod
1032 2489 1087 2528 au-

18 2597 59 2634 em
86 2589 190 2651 corpus
218 2575 330 2630 animae
357 2591 410 2649 per
437 2572 490 2630 se?
520 2591 594 2653 quae
622 2573 768 2632 material
799 2571 849 2630 abi
872 2574 1003 2645 cogitatio
1028 2571 1087 2632 illi?

18 2675 149 2736 ruomoclo
169 2675 264 2734 risus?
291 2673 474 2754 auditusque,
497 2685 548 2733 aut
573 2679 623 2755 qui
642 2674 755 2749 tangit?
781 2677 831 2754 qui
852 2694 919 2732 asos
937 2676 1017 2733 cias?
1036 2687 1088 2734 out

18 2780 82 2844 raud
101 2783 162 2837 sine
182 2778 224 2836 bis
245 2776 371 2836 bonum?
417 2775 499 2856 Quae
525 2775 625 2834 deinde
650 2775 745 2850 sedas,
778 2785 918 2856 quantave
942 2775 1088 2836 multitudo

19 2895 46 2944 ut
67 2881 167 2942 seculis
188 2884 364 2954 animarum,
390 2880 461 2938 velut
482 2879 671 2939 umbrarum?
688 2881 835 2959 puerilium
855 2883 909 2938 ista
931 2879 1088 2939 delinimen-

18 3001 100 3047 'oram
123 2984 282 3064 aridaeque
306 3001 460 3062 numquam
488 2983 612 3042 desinare
638 2983 815 3042 mortalitatis
839 2991 994 3041 commenta
1015 2991 1088 3042 sunt.

18 3091 108 3150 Similis
128 3097 155 3146 et
177 3086 213 3146 dc
235 3085 412 3145 asservandis
432 3085 594 3164 corporibus
609 3086 760 3159 bominum,
780 3103 816 3144 ac
832 3082 1009 3143 reviviscendi
1020 3105 1089 3164 pro-

18 3198 95 3252 nissa
117 3209 138 3250 a
159 3191 318 3250 Democrito
339 3192 458 3262 vanitas,
480 3192 530 3268 qui
547 3209 600 3246 non
621 3192 717 3248 reeicit
737 3192 804 3266 ipse.
851 3187 934 3268 Quae
955 3181 1088 3269 (malam)

18 3305 63 3356 'sta
85 3294 226 3352 dementia
246 3301 295 3365 est,
318 3294 418 3351 iterari
439 3294 524 3372 aiam
546 3291 657 3350 morte?
687 3309 792 3371 quaere
809 3295 907 3364 geratis
928 3295 1004 3373 quies
1027 3313 1089 3351 um-

18 3418 116 3480 quam,
136 3400 163 3455 si
179 3399 207 3454 in
227 3395 338 3454 sublimi
355 3415 450 3454 sensus
471 3399 584 3454 animae
605 3403 716 3452 monet:
737 3396 807 3452 inter
827 3391 929 3474 insenos
950 3394 1090 3456 umbrae?

18 3501 110 3560 l'erdit
136 3493 262 3578 prosectu
292 3501 347 3556 ista
376 3495 497 3555 dulcedo
523 3495 730 3576 credulitasque
754 3500 939 3576 praecipuum
967 3507 1089 3558 naturae

18 3603 128 3677 bonum,
157 3611 289 3668 mortem:
322 3617 359 3658 ac
379 3599 504 3675 duplicat
524 3599 630 3673 obitus,
659 3601 686 3656 si
703 3599 798 3658 dolere
815 3604 899 3659 ctiam
918 3600 1092 3681 postfuturi

18 3706 202 3763 aestimatrbne
230 3706 323 3762 emru't.
365 3701 472 3762 lbanim
500 3706 527 3763 si
551 3703 633 3763 dubo
656 3707 741 3762 orbare
769 3711 825 3775 cst,
855 3707 904 3760 cui
918 3711 1007 3782 potest
1031 3721 1089 3760 esse

19 3805 131 3864 iecisse?
178 3801 215 3862 Ae
236 3813 340 3882 quanto
356 3801 474 3882 facilius
495 3809 658 3885 certiusque,
679 3805 733 3862 sibi
751 3824 888 3884 qncemque
908 3801 1031 3875 credere,
1051 3821 1087 3862 ac

18 3911 146 3986 spccbnen
167 3909 327 3965 securitatis
353 3908 531 3982 antegenitali
553 3928 662 3966 sumere
682 3912 876 3986 experimento.
923 3902 967 3965 Ut
992 3923 1087 3984 uulua

84 4135 116 4202 t)
134 4135 248 4189 Vctttss.
269 4135 326 4202 [ubi
341 4135 438 4209 dogma
448 4138 612 4210 Epicureum
625 4139 719 4210 respici
735 4133 966 4192 monetTorbillus
976 4136 1088 4204 Budua]

85 4223 114 4290 ι)
133 4221 224 4276 auare.
245 4221 288 4290 ιιι,
308 4225 349 4279 ιι.
575 4227 605 4294 ι)
625 4226 704 4281 uu.
725 4227 781 4295 vu,
802 4231 836 4282 ιι
854 4227 923 4298 (ιι).
