2972 4836
327 1027 676 1114 PRAEFATIO
713 1029 1012 1116 bumont&

127 1223 335 1370 Alienum,
360 1309 429 1352 non
455 1307 565 1354 meum
593 1309 679 1386 opus
706 1307 809 1386 opera
836 1311 910 1357 mea
930 1283 1158 1386 qualicunque
1180 1287 1215 1358 in

128 1379 309 1480 publicum
338 1383 502 1455 emissuro
527 1375 612 1456 nihil
631 1385 729 1485 prius
755 1383 839 1457 mibi
861 1384 1054 1459 laciendum
1075 1387 1217 1474 videtur,

156 1513 235 1556 uam
268 1503 304 1557 ut
336 1485 450 1584 operis
487 1486 576 1557 curis
608 1487 691 1558 meis
726 1515 817 1560 nunc
842 1481 923 1559 editi
947 1489 1111 1574 rationem
1140 1487 1218 1560 red-

130 1511 210 1658 dam
238 1586 408 1661 idoneam.
461 1587 524 1658 Cui
551 1581 665 1661 officio
690 1587 752 1662 rite
772 1607 808 1662 ut
825 1587 1042 1680 satisfaciam,
1068 1590 1216 1692 primum

129 1715 237 1786 quam
263 1688 460 1788 brevissime
486 1705 606 1789 potero
634 1691 885 1782 enarrandum,
917 1691 976 1791 qui
1010 1693 1136 1764 lactum
1164 1689 1218 1778 sit,

129 1807 169 1860 ut
203 1818 267 1888 ego
305 1790 442 1891 quidem
478 1791 591 1890 operis
623 1787 723 1865 huius
758 1791 907 1894 postumi
940 1791 1122 1894 evulgandi
1158 1821 1218 1888 ne-

129 1892 263 1988 gotium
284 1891 318 1964 iu
340 1919 393 1965 me
412 1895 631 1992 susceperint.
682 1893 792 1967 Huius
815 1891 929 1968 autem
947 1893 1080 1968 consilii
1101 1895 1218 1967 aucto-

129 2020 205 2064 rem
230 1993 333 2066 habui
355 1993 603 2092 gravissimum,
630 1990 729 2094 quem
749 1996 816 2069 sibi
838 1997 907 2068 lato
930 2023 1043 2096 nuper
1064 2014 1216 2096 ereptum

132 2091 439 2197 Petropolitauinet
473 2123 548 2167 cum
578 2090 631 2167 his
667 2089 920 2196 quidquid'est
952 2095 1033 2166 artis
1060 2095 1219 2196 antiquae

130 2195 364 2270 studiosorum
387 2193 734 2294 lugent,'Henricunr
763 2197 805 2270 de
831 2189 1013 2284 Koehler,'
1033 2197 1091 2296 qui
1115 2198 1216 2298 quin-

36 2359 41 2367 .
132 2325 200 2397 que
224 2295 370 2398 amplius
392 2297 517 2372 abhinc
541 2297 660 2371 lustris
677 2294 817 2372 Parisiis
839 2299 872 2376 iu
896 2297 1102 2391 bibliotheca
1122 2294 1217 2396 regia

131 2426 222 2498 quae
249 2399 411 2474 lobannis
437 2401 611 2500 Baptistae
639 2400 778 2501 Caspari
803 2396 1023 2501 'd'dnsseude
1051 2390 1216 2474 Villoison

132 2529 237 2573 mano
265 2502 391 2602 scripta
419 2530 453 2573 re
479 2501 564 2574 osita
596 2519 679 2588 sunt
701 2501 1081 2604 curiose'perquireus,
1111 2531 1216 2609 qupm

131 2603 167 2674 in
197 2630 254 2674 eas
280 2603 424 2690 schedas
448 2529 535 2677 lirrte
560 2603 744 2692 incidisset,
769 2601 897 2706 ¹qiiibus
919 2631 1005 2704 quae
1028 2601 1069 2676 ad
1092 2606 1218 2703 paran-

132 2703 212 2777 dam
241 2703 382 2777 Cornuti
411 2705 453 2776 de
478 2722 599 2778 natura
628 2704 768 2780 deorum
796 2705 979 2778 editionem
1009 2729 1128 2777 novam
1150 2703 1218 2778 ‘itte

132 2807 401 2908 conscripserat,
432 2801 703 2895 continerentur,
734 2805 847 2880 subito
871 2806 1032 2906 tauquam
1058 2798 1217 2880 thesauro

136 2926 271 3008 reperto
298 2905 464 2981 exsultare
494 2936 614 3008 meque
648 2909 801 2982 iuvenem
839 2908 929 2979 iuxta
957 2903 1027 2980 tum
1055 2906 1217 2982 adsiden-

132 3027 200 3081 tem
227 3010 409 3109 appellare‚
435 3009 552 3106 gaudii
579 3009 779 3109 participem
809 3007 933 3096 lacere,
955 3037 1051 3105 mon
1079 3007 1115 3082 ro
1138 3006 1216 3093 dili,-

134 3111 269 3206 gentius
288 3112 453 3212 inspecta,
479 3111 754 3210 praestantiaque
773 3107 949 3207 copiarum
969 3104 1090 3178 har'um
1107 3102 1216 3203 uber,-
1261 3167 1268 3176 .

134 3212 318 3300 cimanum,
354 3239 496 3312 quarum
525 3212 649 3284 famam
677 3211 743 3282 iam
773 3207 902 3281 dudum
930 3204 1078 3298 subinde
1103 3207 1213 3296 divul-

135 3329 246 3410 gatam
275 3313 379 3385 luisse
410 3311 553 3414 posthac
579 3311 744 3406 rescii*)‚
761 3309 924 3410 cognita,
944 3308 1124 3409 ‚exhortari
1153 3339 1218 3411 me,

136 3433 172 3487 ut
194 3413 345 3488 laborem
378 3415 491 3514 operis
518 3413 620 3488 huius
643 3413 791 3514 postumi
812 3411 991 3510 redigendi
1016 3409 1216 3509 evulgandi-

135 3543 201 3616 qne
226 3517 390 3590 subirem.
440 3513 546 3613 Quod
569 3543 694 3588 munus
719 3541 759 3587 eo
779 3511 951 3588 lubentius
973 3513 1008 3586 in
1027 3510 1217 3590 me'trau's-

136 3617 218 3690 ferri
243 3619 325 3704 sivi,
353 3644 422 3717 quo
445 3619 555 3716 magis
580 3617 642 3689 viri
665 3615 816 3690 defuncti
836 3613 995 3716 quidem,
1020 3611 1135 3690 sedin
1158 3640 1216 3690 ore

136 3719 315 3792 bominum
354 3717 598 3814 elegantiorum
634 3744 809 3818 nunquam
836 3716 1004 3795 interituri
1034 3717 1215 3790 memoriae

137 3821 254 3894 deberi
283 3817 526 3917 intelligebam,
553 3839 590 3894 ut
615 3847 702 3920 quae
730 3815 856 3938 magno
879 3820 951 3920 ipse
971 3817 1085 3890 studio
1110 3834 1141 3890 et
1163 3817 1217 3890 in·

137 3921 267 3996 dustria
296 3920 505 4014 contulisset,
531 3951 573 3994 ne
598 3919 699 4021 plane
722 3939 872 4022 perirent
894 3917 1014 3994 sedulo
1035 3935 1216 4023 caveretur.

200 4129 231 4209 *l
253 4131 296 4190 V.
327 4129 411 4194 Boot.
440 4127 498 4210 Ep.
529 4127 597 4190 crit.
624 4151 657 4209 p.
679 4132 731 4190 43.
776 4127 951 4189 Groddock.
975 4123 1054 4190 Hier.
1078 4127 1139 4188 litt.
1161 4125 1215 4188 Ge.

126 4215 236 4278 ·T.11.
264 4236 297 4295 p.
321 4218 393 4276 tto.
435 4215 560 4276 Schoell
589 4211 645 4273 Ge.
672 4211 750 4272 thti
778 4213 814 4272 Τ.
833 4211 874 4272 Ι11.
901 4231 933 4292 p.
955 4215 1028 4276 657.
1074 4213 1217 4272 Weeter-

137 4321 232 4362 mann
254 4300 422 4381 Mytbogr..
437 4299 548 4362 (draeo.
567 4321 600 4378 p.
613 4314 686 4358 m.
901 4307 905 4317 '

894 4408 938 4470 *2
