<?xml version="1.0" encoding="UTF-8"?>
<!DOCTYPE html PUBLIC "-//W3C//DTD XHTML 1.0 Transitional//EN"
    "http://www.w3.org/TR/xhtml1/DTD/xhtml1-transitional.dtd">
<html xmlns="http://www.w3.org/1999/xhtml" xml:lang="en" lang="en">
 <head>
  <title>
</title>
<meta http-equiv="Content-Type" content="text/html;charset=utf-8" />
  <meta name='ocr-system' content='tesseract 3.04.00' />
  <meta name='ocr-capabilities' content='ocr_page ocr_carea ocr_par ocr_line ocrx_word'/>
</head>
<body>
  <div class='ocr_page' id='page_1' title='image "./denaturadeorum00corngoog_0530.png"; bbox 0 0 2818 4860; ppageno 0'>
   <div class='ocr_carea' id='block_1_1' title="bbox 454 346 690 408">
    <p class='ocr_par' dir='ltr' id='par_1_1' title="bbox 454 346 690 408">
     <span class='ocr_line' id='line_1_1' title="bbox 454 346 690 408; baseline 0.004 -17"><span class='ocrx_word' id='word_1_1' title='bbox 454 346 690 408; x_wconf 67' lang='lat'>..403-</span> 
     </span>
    </p>
   </div>
   <div class='ocr_carea' id='block_1_2' title="bbox 4 504 1144 1195">
    <p class='ocr_par' dir='ltr' id='par_1_2' title="bbox 4 504 1144 1195">
     <span class='ocr_line' id='line_1_2' title="bbox 4 504 1127 590; baseline 0.004 -22"><span class='ocrx_word' id='word_1_2' title='bbox 4 504 195 570; x_wconf 85' lang='lat' dir='ltr'>mundum</span> <span class='ocrx_word' id='word_1_3' title='bbox 216 526 283 570; x_wconf 85' lang='lat' dir='ltr'>esse</span> <span class='ocrx_word' id='word_1_4' title='bbox 304 507 404 570; x_wconf 85' lang='lat' dir='ltr'>lorms</span> <span class='ocrx_word' id='word_1_5' title='bbox 420 508 599 590; x_wconf 80' lang='lat' dir='ltr'>praeditum</span> <span class='ocrx_word' id='word_1_6' title='bbox 619 507 772 573; x_wconf 74' lang='lat' dir='ltr'>rotundus</span> <span class='ocrx_word' id='word_1_7' title='bbox 795 509 875 572; x_wconf 88' lang='lat' dir='ltr'>hsnc</span> <span class='ocrx_word' id='word_1_8' title='bbox 890 509 973 582; x_wconf 68' lang='lat' dir='ltr'>eninr</span> <span class='ocrx_word' id='word_1_9' title='bbox 988 509 1127 572; x_wconf 88' lang='lat' dir='ltr'>omnium</span> 
     </span>
     <span class='ocr_line' id='line_1_3' title="bbox 4 609 1127 693; baseline 0.004 -23"><span class='ocrx_word' id='word_1_10' title='bbox 4 609 215 672; x_wconf 71' lang='lat' dir='ltr'>formarum</span> <span class='ocrx_word' id='word_1_11' title='bbox 243 609 282 674; x_wconf 81' lang='lat' dir='ltr'>ed</span> <span class='ocrx_word' id='word_1_12' title='bbox 311 623 428 674; x_wconf 86' lang='lat' dir='ltr'>motum</span> <span class='ocrx_word' id='word_1_13' title='bbox 455 613 647 693; x_wconf 78' lang='lat' dir='ltr'>aptissimum</span> <span class='ocrx_word' id='word_1_14' title='bbox 670 633 688 676; x_wconf 86' lang='lat' dir='ltr'>s</span> <span class='ocrx_word' id='word_1_15' title='bbox 710 609 878 674; x_wconf 89' lang='lat' dir='ltr'>Posidonio</span> <span class='ocrx_word' id='word_1_16' title='bbox 906 622 937 673; x_wconf 89' lang='lat' dir='ltr'>et</span> <span class='ocrx_word' id='word_1_17' title='bbox 958 613 1127 692; x_wconf 76' lang='lat' dir='ltr'><strong>Antipatro</strong></span> 
     </span>
     <span class='ocr_line' id='line_1_4' title="bbox 4 707 1127 798; baseline 0.007 -26"><span class='ocrx_word' id='word_1_18' title='bbox 4 712 231 776; x_wconf 77' lang='lat' dir='ltr'>existimari:</span> <span class='ocrx_word' id='word_1_19' title='bbox 253 721 314 780; x_wconf 74' lang='grc' dir='ltr'>ἕνα</span> <span class='ocrx_word' id='word_1_20' title='bbox 336 707 398 780; x_wconf 68' lang='grc' dir='ltr'>τὸν</span> <span class='ocrx_word' id='word_1_21' title='bbox 419 710 549 798; x_wconf 73' lang='grc' dir='ltr'><strong><em>κόσμον</em></strong></span> <span class='ocrx_word' id='word_1_22' title='bbox 569 716 669 794; x_wconf 77' lang='lat' dir='ltr'>eluet,</span> <span class='ocrx_word' id='word_1_23' title='bbox 690 716 746 781; x_wconf 80' lang='lat' dir='ltr'>eol</span> <span class='ocrx_word' id='word_1_24' title='bbox 767 716 894 782; x_wconf 70' lang='lat' dir='ltr'>seuere</span> <span class='ocrx_word' id='word_1_25' title='bbox 911 715 1127 797; x_wconf 73' lang='grc' dir='ltr'><strong><em>πεπερασμέ-</em></strong></span> 
     </span>
     <span class='ocr_line' id='line_1_5' title="bbox 4 808 1127 902; baseline 0 -22"><span class='ocrx_word' id='word_1_26' title='bbox 4 835 120 891; x_wconf 81' lang='grc' dir='ltr'><strong><em>νον,</em></strong></span> <span class='ocrx_word' id='word_1_27' title='bbox 153 816 268 901; x_wconf 79' lang='grc' dir='ltr'><strong><em>σχῆμα</em></strong></span> <span class='ocrx_word' id='word_1_28' title='bbox 297 818 418 902; x_wconf 77' lang='grc' dir='ltr'><strong><em>ἔχοντα</em></strong></span> <span class='ocrx_word' id='word_1_29' title='bbox 447 816 670 898; x_wconf 72' lang='grc' dir='ltr'>σφαιροειδές.</span> <span class='ocrx_word' id='word_1_30' title='bbox 702 810 786 900; x_wconf 82' lang='lat' dir='ltr'>nptic</span> <span class='ocrx_word' id='word_1_31' title='bbox 813 808 877 900; x_wconf 72' lang='grc' dir='ltr'>γάρ</span> <span class='ocrx_word' id='word_1_32' title='bbox 905 809 968 896; x_wconf 67' lang='grc' dir='ltr'>τὴν</span> <span class='ocrx_word' id='word_1_33' title='bbox 993 815 1127 898; x_wconf 68' lang='grc' dir='ltr'>κίνησιν</span> 
     </span>
     <span class='ocr_line' id='line_1_6' title="bbox 11 906 1128 1000; baseline 0 -22"><span class='ocrx_word' id='word_1_34' title='bbox 11 906 304 997; x_wconf 57' lang='lat' dir='ltr'>&amp;pronosticum</span> <span class='ocrx_word' id='word_1_35' title='bbox 322 909 360 980; x_wconf 65' lang='lat' dir='ltr'>so*</span> <span class='ocrx_word' id='word_1_36' title='bbox 376 917 544 982; x_wconf 69' lang='grc' dir='ltr'><strong><em>τοιοῦτον.</em></strong></span> <span class='ocrx_word' id='word_1_37' title='bbox 589 917 638 978; x_wconf 89' lang='lat' dir='ltr'>De</span> <span class='ocrx_word' id='word_1_38' title='bbox 654 937 718 1000; x_wconf 89' lang='lat' dir='ltr'>qno</span> <span class='ocrx_word' id='word_1_39' title='bbox 732 919 802 979; x_wconf 88' lang='lat' dir='ltr'>loco</span> <span class='ocrx_word' id='word_1_40' title='bbox 816 914 889 978; x_wconf 81' lang='lat' dir='ltr'>vide</span> <span class='ocrx_word' id='word_1_41' title='bbox 905 915 1083 994; x_wconf 78' lang='lat' dir='ltr'>Menegium</span> <span class='ocrx_word' id='word_1_42' title='bbox 1100 914 1128 999; x_wconf 77' lang='grc'>1)</span> 
     </span>
     <span class='ocr_line' id='line_1_7' title="bbox 11 998 1144 1102; baseline 0.004 -26"><span class='ocrx_word' id='word_1_43' title='bbox 11 1015 73 1078; x_wconf 79' lang='lat' dir='ltr'>ad</span> <span class='ocrx_word' id='word_1_44' title='bbox 98 1017 280 1093; x_wconf 71' lang='lat' dir='ltr'>Laenium,</span> <span class='ocrx_word' id='word_1_45' title='bbox 310 1017 364 1079; x_wconf 90' lang='lat' dir='ltr'>uhi</span> <span class='ocrx_word' id='word_1_46' title='bbox 393 1037 409 1078; x_wconf 91' lang='lat' dir='ltr'>e</span> <span class='ocrx_word' id='word_1_47' title='bbox 437 1018 606 1080; x_wconf 73' lang='lat' dir='ltr'>Plutarcho</span> <span class='ocrx_word' id='word_1_48' title='bbox 621 1017 650 1102; x_wconf 67' lang='grc'>2)</span> <span class='ocrx_word' id='word_1_49' title='bbox 678 1031 709 1080; x_wconf 91' lang='lat' dir='ltr'>et</span> <span class='ocrx_word' id='word_1_50' title='bbox 738 1019 858 1100; x_wconf 80' lang='lat' dir='ltr'>Cyrillo</span> <span class='ocrx_word' id='word_1_51' title='bbox 873 1016 903 1100; x_wconf 78' lang='lat'>³)</span> <span class='ocrx_word' id='word_1_52' title='bbox 924 998 1144 1080; x_wconf 67' lang='lat' dir='ltr'>Plutarchum</span> 
     </span>
     <span class='ocr_line' id='line_1_8' title="bbox 15 1117 1128 1195; baseline 0.004 -18"><span class='ocrx_word' id='word_1_53' title='bbox 15 1117 254 1195; x_wconf 78' lang='lat' dir='ltr'><strong>describente,</strong></span> <span class='ocrx_word' id='word_1_54' title='bbox 285 1129 317 1180; x_wconf 91' lang='lat' dir='ltr'>et</span> <span class='ocrx_word' id='word_1_55' title='bbox 345 1140 362 1180; x_wconf 90' lang='lat' dir='ltr'>e</span> <span class='ocrx_word' id='word_1_56' title='bbox 392 1118 542 1184; x_wconf 88' lang='lat' dir='ltr'>Cicerone</span> <span class='ocrx_word' id='word_1_57' title='bbox 569 1122 604 1184; x_wconf 89' lang='lat' dir='ltr'>in</span> <span class='ocrx_word' id='word_1_58' title='bbox 629 1122 713 1183; x_wconf 88' lang='lat' dir='ltr'>libro</span> <span class='ocrx_word' id='word_1_59' title='bbox 739 1121 778 1184; x_wconf 84' lang='lat' dir='ltr'>de</span> <span class='ocrx_word' id='word_1_60' title='bbox 803 1120 961 1184; x_wconf 79' lang='lat' dir='ltr'>Universo</span> <span class='ocrx_word' id='word_1_61' title='bbox 987 1120 1128 1182; x_wconf 82' lang='lat' dir='ltr'>Pletonis</span> 
     </span>
    </p>
   </div>
   <div class='ocr_carea' id='block_1_3' title="bbox 14 1211 1241 1304">
    <p class='ocr_par' dir='ltr' id='par_1_3' title="bbox 14 1211 1241 1304">
     <span class='ocr_line' id='line_1_9' title="bbox 14 1211 1241 1304; baseline 0.001 -23"><span class='ocrx_word' id='word_1_62' title='bbox 14 1221 203 1282; x_wconf 80' lang='lat' dir='ltr'>Timaeum</span> <span class='ocrx_word' id='word_1_63' title='bbox 220 1234 431 1298; x_wconf 74' lang='lat' dir='ltr'>convertente,</span> <span class='ocrx_word' id='word_1_64' title='bbox 453 1225 567 1302; x_wconf 81' lang='lat' dir='ltr'>probet</span> <span class='ocrx_word' id='word_1_65' title='bbox 584 1225 741 1288; x_wconf 84' lang='lat' dir='ltr'>veteribus</span> <span class='ocrx_word' id='word_1_66' title='bbox 760 1222 966 1304; x_wconf 70' lang='lat' dir='ltr'>philosophie,</span> <span class='ocrx_word' id='word_1_67' title='bbox 989 1235 1020 1284; x_wconf 89' lang='lat' dir='ltr'>et</span> <span class='ocrx_word' id='word_1_68' title='bbox 1036 1241 1127 1303; x_wconf 83' lang='lat' dir='ltr'>proe-</span> <span class='ocrx_word' id='word_1_69' title='bbox 1239 1211 1241 1216; x_wconf 42' lang='lat'><strong>¹</strong></span> 
     </span>
    </p>
   </div>
   <div class='ocr_carea' id='block_1_4' title="bbox 20 1323 1128 3760">
    <p class='ocr_par' dir='ltr' id='par_1_4' title="bbox 20 1323 1128 3760">
     <span class='ocr_line' id='line_1_10' title="bbox 20 1323 1128 1410; baseline 0 -26"><span class='ocrx_word' id='word_1_70' title='bbox 20 1325 151 1386; x_wconf 80' lang='lat' dir='ltr'>sertim</span> <span class='ocrx_word' id='word_1_71' title='bbox 173 1323 303 1402; x_wconf 86' lang='lat' dir='ltr'>Stoicis,</span> <span class='ocrx_word' id='word_1_72' title='bbox 324 1324 474 1388; x_wconf 83' lang='lat' dir='ltr'>mundum</span> <span class='ocrx_word' id='word_1_73' title='bbox 497 1347 562 1388; x_wconf 88' lang='lat' dir='ltr'>esse</span> <span class='ocrx_word' id='word_1_74' title='bbox 584 1325 797 1410; x_wconf 74' lang='grc' dir='ltr'>σφαιροειδῆ,</span> <span class='ocrx_word' id='word_1_75' title='bbox 815 1323 1000 1404; x_wconf 87' lang='lat' dir='ltr'>rotondum,</span> <span class='ocrx_word' id='word_1_76' title='bbox 1019 1325 1128 1403; x_wconf 74' lang='lat' dir='ltr'>globo·</span> 
     </span>
     <span class='ocr_line' id='line_1_11' title="bbox 21 1425 1128 1511; baseline 0.005 -26"><span class='ocrx_word' id='word_1_77' title='bbox 21 1445 110 1486; x_wconf 83' lang='lat' dir='ltr'>sum</span> <span class='ocrx_word' id='word_1_78' title='bbox 125 1425 290 1486; x_wconf 74' lang='lat' dir='ltr'>fabricatu.</span> <span class='ocrx_word' id='word_1_79' title='bbox 332 1428 472 1507; x_wconf 81' lang='lat' dir='ltr'>hienngii</span> <span class='ocrx_word' id='word_1_80' title='bbox 484 1427 676 1506; x_wconf 76' lang='lat' dir='ltr'>diligentiam</span> <span class='ocrx_word' id='word_1_81' title='bbox 693 1429 801 1507; x_wconf 81' lang='lat' dir='ltr'>ellugit</span> <span class='ocrx_word' id='word_1_82' title='bbox 816 1429 903 1488; x_wconf 87' lang='lat' dir='ltr'>locus</span> <span class='ocrx_word' id='word_1_83' title='bbox 921 1425 1080 1490; x_wconf 86' lang='lat' dir='ltr'>Ciceronis</span> <span class='ocrx_word' id='word_1_84' title='bbox 1088 1425 1128 1511; x_wconf 70' lang='lat'>4),</span> 
     </span>
     <span class='ocr_line' id='line_1_12' title="bbox 23 1527 1128 1610; baseline 0.005 -23"><span class='ocrx_word' id='word_1_85' title='bbox 23 1527 72 1588; x_wconf 86' lang='lat' dir='ltr'>in</span> <span class='ocrx_word' id='word_1_86' title='bbox 103 1546 172 1608; x_wconf 88' lang='lat' dir='ltr'>quo</span> <span class='ocrx_word' id='word_1_87' title='bbox 199 1528 341 1591; x_wconf 74' lang='lat' dir='ltr'>Velleius</span> <span class='ocrx_word' id='word_1_88' title='bbox 368 1531 557 1610; x_wconf 90' lang='lat' dir='ltr'>Epicureus,</span> <span class='ocrx_word' id='word_1_89' title='bbox 590 1552 658 1593; x_wconf 85' lang='lat' dir='ltr'>cunr</span> <span class='ocrx_word' id='word_1_90' title='bbox 688 1530 814 1592; x_wconf 75' lang='lat' dir='ltr'>Laertio</span> <span class='ocrx_word' id='word_1_91' title='bbox 840 1529 920 1590; x_wconf 85' lang='lat' dir='ltr'>mire</span> <span class='ocrx_word' id='word_1_92' title='bbox 946 1547 1128 1608; x_wconf 77' lang='lat' dir='ltr'>consonans,</span> 
     </span>
     <span class='ocr_line' id='line_1_13' title="bbox 23 1628 1128 1712; baseline 0.006 -22"><span class='ocrx_word' id='word_1_93' title='bbox 23 1628 116 1692; x_wconf 87' lang='lat' dir='ltr'>dicit</span> <span class='ocrx_word' id='word_1_94' title='bbox 138 1629 290 1692; x_wconf 83' lang='lat' dir='ltr'>mundum</span> <span class='ocrx_word' id='word_1_95' title='bbox 308 1631 422 1694; x_wconf 81' lang='lat' dir='ltr'>Stoicis</span> <span class='ocrx_word' id='word_1_96' title='bbox 443 1653 509 1695; x_wconf 85' lang='lat' dir='ltr'>esse</span> <span class='ocrx_word' id='word_1_97' title='bbox 530 1635 636 1695; x_wconf 83' lang='lat' dir='ltr'>snirho</span> <span class='ocrx_word' id='word_1_98' title='bbox 658 1645 689 1695; x_wconf 86' lang='lat' dir='ltr'>st</span> <span class='ocrx_word' id='word_1_99' title='bbox 710 1633 851 1696; x_wconf 87' lang='lat' dir='ltr'>sensibus</span> <span class='ocrx_word' id='word_1_100' title='bbox 870 1629 1059 1712; x_wconf 78' lang='lat' dir='ltr'>praeditum,</span> <span class='ocrx_word' id='word_1_101' title='bbox 1079 1655 1128 1697; x_wconf 84' lang='lat' dir='ltr'>ro·</span> 
     </span>
     <span class='ocr_line' id='line_1_14' title="bbox 24 1732 1128 1812; baseline 0 -18"><span class='ocrx_word' id='word_1_102' title='bbox 24 1735 178 1808; x_wconf 75' lang='lat' dir='ltr'>turdum,</span> <span class='ocrx_word' id='word_1_103' title='bbox 206 1732 384 1810; x_wconf 71' lang='lat' dir='ltr'>ardentem,</span> <span class='ocrx_word' id='word_1_104' title='bbox 411 1735 599 1812; x_wconf 78' lang='lat' dir='ltr'>volubilem,</span> <span class='ocrx_word' id='word_1_105' title='bbox 627 1733 731 1796; x_wconf 79' lang='lat' dir='ltr'>(leurs.</span> <span class='ocrx_word' id='word_1_106' title='bbox 773 1734 834 1798; x_wconf 88' lang='lat' dir='ltr'>Hic</span> <span class='ocrx_word' id='word_1_107' title='bbox 857 1745 961 1796; x_wconf 86' lang='lat' dir='ltr'>eutem</span> <span class='ocrx_word' id='word_1_108' title='bbox 984 1732 1128 1810; x_wconf 82' lang='lat' dir='ltr'>mundus,</span> 
     </span>
     <span class='ocr_line' id='line_1_15' title="bbox 27 1833 1126 1916; baseline 0.002 -22"><span class='ocrx_word' id='word_1_109' title='bbox 27 1834 92 1894; x_wconf 90' lang='lat' dir='ltr'>dei</span> <span class='ocrx_word' id='word_1_110' title='bbox 114 1853 238 1914; x_wconf 90' lang='lat' dir='ltr'>corpus,</span> <span class='ocrx_word' id='word_1_111' title='bbox 259 1834 375 1897; x_wconf 83' lang='lat' dir='ltr'>dicitur</span> <span class='ocrx_word' id='word_1_112' title='bbox 395 1834 550 1898; x_wconf 87' lang='lat' dir='ltr'>rutundus</span> <span class='ocrx_word' id='word_1_113' title='bbox 571 1847 602 1896; x_wconf 88' lang='lat' dir='ltr'>et</span> <span class='ocrx_word' id='word_1_114' title='bbox 624 1833 747 1910; x_wconf 81' lang='lat' dir='ltr'>urdene,</span> <span class='ocrx_word' id='word_1_115' title='bbox 768 1847 804 1896; x_wconf 90' lang='lat' dir='ltr'>ut</span> <span class='ocrx_word' id='word_1_116' title='bbox 827 1834 1021 1916; x_wconf 85' lang='lat' dir='ltr'>Chrysippus</span> <span class='ocrx_word' id='word_1_117' title='bbox 1043 1833 1126 1915; x_wconf 84' lang='lat' dir='ltr'>sputi</span> 
     </span>
     <span class='ocr_line' id='line_1_16' title="bbox 29 1930 1128 2020; baseline 0 -24"><span class='ocrx_word' id='word_1_118' title='bbox 29 1938 245 1998; x_wconf 79' lang='lat' dir='ltr'>Plutarchum</span> <span class='ocrx_word' id='word_1_119' title='bbox 260 1935 287 2019; x_wconf 76' lang='grc'>6)</span> <span class='ocrx_word' id='word_1_120' title='bbox 315 1930 444 2019; x_wconf 77' lang='grc' dir='ltr'><strong><em>κόσμον</em></strong></span> <span class='ocrx_word' id='word_1_121' title='bbox 472 1931 607 2020; x_wconf 70' lang='grc' dir='ltr'><strong><em>πυρόᾲη</em></strong></span> <span class='ocrx_word' id='word_1_122' title='bbox 634 1935 782 2014; x_wconf 77' lang='lat' dir='ltr'>appellet.</span> <span class='ocrx_word' id='word_1_123' title='bbox 834 1935 918 1996; x_wconf 88' lang='lat' dir='ltr'>idem</span> <span class='ocrx_word' id='word_1_124' title='bbox 945 1933 1028 2018; x_wconf 80' lang='lat' dir='ltr'>apud</span> <span class='ocrx_word' id='word_1_125' title='bbox 1052 1955 1128 1996; x_wconf 89' lang='lat' dir='ltr'>eun·</span> 
     </span>
     <span class='ocr_line' id='line_1_17' title="bbox 31 2034 1127 2120; baseline 0 -22"><span class='ocrx_word' id='word_1_126' title='bbox 31 2038 115 2098; x_wconf 89' lang='lat' dir='ltr'>dem</span> <span class='ocrx_word' id='word_1_127' title='bbox 145 2034 371 2120; x_wconf 70' lang='lat' dir='ltr'>ciceronemfi)</span> <span class='ocrx_word' id='word_1_128' title='bbox 399 2038 542 2099; x_wconf 75' lang='lat' dir='ltr'>Velleius</span> <span class='ocrx_word' id='word_1_129' title='bbox 573 2057 681 2100; x_wconf 89' lang='lat' dir='ltr'>eorum</span> <span class='ocrx_word' id='word_1_130' title='bbox 709 2035 889 2098; x_wconf 69' lang='lat' dir='ltr'>tarditatem</span> <span class='ocrx_word' id='word_1_131' title='bbox 918 2036 1067 2100; x_wconf 77' lang='lat' dir='ltr'>admirari</span> <span class='ocrx_word' id='word_1_132' title='bbox 1094 2057 1127 2099; x_wconf 87' lang='lat' dir='ltr'>se</span> 
     </span>
     <span class='ocr_line' id='line_1_18' title="bbox 32 2135 1128 2222; baseline -0.002 -20"><span class='ocrx_word' id='word_1_133' title='bbox 32 2139 129 2214; x_wconf 89' lang='lat' dir='ltr'>dicit,</span> <span class='ocrx_word' id='word_1_134' title='bbox 152 2139 209 2220; x_wconf 90' lang='lat' dir='ltr'>qui</span> <span class='ocrx_word' id='word_1_135' title='bbox 232 2135 281 2221; x_wconf 84' lang='lat' dir='ltr'>(ut</span> <span class='ocrx_word' id='word_1_136' title='bbox 299 2137 411 2222; x_wconf 81' lang='lat' dir='ltr'>Stoici)</span> <span class='ocrx_word' id='word_1_137' title='bbox 432 2139 619 2222; x_wconf 75' lang='lat' dir='ltr'>sapientem,</span> <span class='ocrx_word' id='word_1_138' title='bbox 642 2141 845 2218; x_wconf 75' lang='lat' dir='ltr'>animantem,</span> <span class='ocrx_word' id='word_1_139' title='bbox 867 2140 1073 2202; x_wconf 73' lang='lat' dir='ltr'>immortalem</span> <span class='ocrx_word' id='word_1_140' title='bbox 1096 2150 1128 2200; x_wconf 87' lang='lat' dir='ltr'>et</span> 
     </span>
     <span class='ocr_line' id='line_1_19' title="bbox 32 2239 1127 2325; baseline -0.002 -21"><span class='ocrx_word' id='word_1_141' title='bbox 32 2245 170 2304; x_wconf 77' lang='lat' dir='ltr'>beatum</span> <span class='ocrx_word' id='word_1_142' title='bbox 191 2253 223 2304; x_wconf 92' lang='lat' dir='ltr'>et</span> <span class='ocrx_word' id='word_1_143' title='bbox 243 2239 415 2302; x_wconf 86' lang='lat' dir='ltr'>rotundum</span> <span class='ocrx_word' id='word_1_144' title='bbox 438 2263 504 2304; x_wconf 84' lang='lat' dir='ltr'>esse</span> <span class='ocrx_word' id='word_1_145' title='bbox 526 2245 626 2306; x_wconf 80' lang='lat' dir='ltr'>velint</span> <span class='ocrx_word' id='word_1_146' title='bbox 654 2242 764 2320; x_wconf 80' lang='lat' dir='ltr'>deum,</span> <span class='ocrx_word' id='word_1_147' title='bbox 798 2241 902 2325; x_wconf 89' lang='lat' dir='ltr'>qnod,</span> <span class='ocrx_word' id='word_1_148' title='bbox 937 2241 1058 2323; x_wconf 90' lang='lat' dir='ltr'>inquit,</span> <span class='ocrx_word' id='word_1_149' title='bbox 1091 2261 1127 2302; x_wconf 83' lang='lat' dir='ltr'>ee</span> 
     </span>
     <span class='ocr_line' id='line_1_20' title="bbox 33 2343 1126 2425; baseline -0.003 -19"><span class='ocrx_word' id='word_1_150' title='bbox 33 2346 145 2406; x_wconf 80' lang='lat' dir='ltr'>forme</span> <span class='ocrx_word' id='word_1_151' title='bbox 174 2344 267 2404; x_wconf 75' lang='lat' dir='ltr'>ullum</span> <span class='ocrx_word' id='word_1_152' title='bbox 297 2356 390 2423; x_wconf 81' lang='lat' dir='ltr'>neget</span> <span class='ocrx_word' id='word_1_153' title='bbox 419 2363 485 2407; x_wconf 88' lang='lat' dir='ltr'>esse</span> <span class='ocrx_word' id='word_1_154' title='bbox 516 2345 726 2425; x_wconf 76' lang='lat' dir='ltr'>pulchriorem</span> <span class='ocrx_word' id='word_1_155' title='bbox 754 2346 854 2408; x_wconf 83' lang='lat' dir='ltr'>Plato.</span> <span class='ocrx_word' id='word_1_156' title='bbox 903 2345 943 2405; x_wconf 89' lang='lat' dir='ltr'>Et</span> <span class='ocrx_word' id='word_1_157' title='bbox 963 2344 1047 2404; x_wconf 83' lang='lat' dir='ltr'>inlro</span> <span class='ocrx_word' id='word_1_158' title='bbox 1067 2343 1126 2404; x_wconf 88' lang='lat' dir='ltr'>ihi·</span> 
     </span>
     <span class='ocr_line' id='line_1_21' title="bbox 35 2447 1126 2529; baseline -0.002 -19"><span class='ocrx_word' id='word_1_159' title='bbox 35 2447 131 2510; x_wconf 85' lang='lat' dir='ltr'>dem:</span> <span class='ocrx_word' id='word_1_160' title='bbox 152 2467 226 2529; x_wconf 80' lang='lat' dir='ltr'>quae</span> <span class='ocrx_word' id='word_1_161' title='bbox 245 2467 308 2507; x_wconf 78' lang='lat' dir='ltr'>cero</span> <span class='ocrx_word' id='word_1_162' title='bbox 326 2448 458 2510; x_wconf 79' lang='lat' dir='ltr'>trrhnitur</span> <span class='ocrx_word' id='word_1_163' title='bbox 478 2454 536 2509; x_wconf 78' lang='lat' dir='ltr'>uita</span> <span class='ocrx_word' id='word_1_164' title='bbox 553 2453 600 2510; x_wconf 80' lang='lat' dir='ltr'>isti</span> <span class='ocrx_word' id='word_1_165' title='bbox 618 2450 738 2510; x_wconf 71' lang='lat' dir='ltr'>mundo</span> <span class='ocrx_word' id='word_1_166' title='bbox 757 2449 835 2512; x_wconf 85' lang='lat' dir='ltr'>deo?</span> <span class='ocrx_word' id='word_1_167' title='bbox 854 2470 952 2528; x_wconf 80' lang='lat' dir='ltr'>nempe</span> <span class='ocrx_word' id='word_1_168' title='bbox 973 2461 1003 2508; x_wconf 87' lang='lat' dir='ltr'>ut</span> <span class='ocrx_word' id='word_1_169' title='bbox 1022 2469 1059 2509; x_wconf 83' lang='lat' dir='ltr'>ea</span> <span class='ocrx_word' id='word_1_170' title='bbox 1080 2469 1126 2508; x_wconf 81' lang='lat' dir='ltr'>ce·</span> 
     </span>
     <span class='ocr_line' id='line_1_22' title="bbox 36 2551 1125 2632; baseline -0.002 -22"><span class='ocrx_word' id='word_1_171' title='bbox 36 2553 151 2612; x_wconf 81' lang='lat' dir='ltr'>leritute</span> <span class='ocrx_word' id='word_1_172' title='bbox 176 2559 409 2629; x_wconf 67' lang='lat' dir='ltr'>conorqusatur,</span> <span class='ocrx_word' id='word_1_173' title='bbox 439 2555 487 2610; x_wconf 79' lang='lat' dir='ltr'>cui</span> <span class='ocrx_word' id='word_1_174' title='bbox 507 2571 565 2631; x_wconf 82' lang='lat' dir='ltr'>pur</span> <span class='ocrx_word' id='word_1_175' title='bbox 587 2552 664 2610; x_wconf 86' lang='lat' dir='ltr'>nullu</span> <span class='ocrx_word' id='word_1_176' title='bbox 692 2571 726 2610; x_wconf 82' lang='lat' dir='ltr'>ne</span> <span class='ocrx_word' id='word_1_177' title='bbox 754 2555 875 2625; x_wconf 75' lang='lat' dir='ltr'>cogitari</span> <span class='ocrx_word' id='word_1_178' title='bbox 899 2551 1010 2632; x_wconf 70' lang='lat' dir='ltr'>parilem</span> <span class='ocrx_word' id='word_1_179' title='bbox 1029 2557 1125 2629; x_wconf 79' lang='lat' dir='ltr'>possit.</span> 
     </span>
     <span class='ocr_line' id='line_1_23' title="bbox 39 2647 1126 2732; baseline -0.003 -20"><span class='ocrx_word' id='word_1_180' title='bbox 39 2653 86 2712; x_wconf 78' lang='lat' dir='ltr'>At</span> <span class='ocrx_word' id='word_1_181' title='bbox 109 2659 215 2710; x_wconf 85' lang='lat' dir='ltr'>contre</span> <span class='ocrx_word' id='word_1_182' title='bbox 235 2648 351 2708; x_wconf 69' lang='lat' dir='ltr'>Balbus</span> <span class='ocrx_word' id='word_1_183' title='bbox 373 2647 496 2712; x_wconf 85' lang='lat' dir='ltr'>Stoicos</span> <span class='ocrx_word' id='word_1_184' title='bbox 521 2649 607 2731; x_wconf 80' lang='lat' dir='ltr'>sputi</span> <span class='ocrx_word' id='word_1_185' title='bbox 631 2649 762 2712; x_wconf 85' lang='lat' dir='ltr'>eundem</span> <span class='ocrx_word' id='word_1_186' title='bbox 787 2649 970 2710; x_wconf 86' lang='lat' dir='ltr'>Ciceronem</span> <span class='ocrx_word' id='word_1_187' title='bbox 983 2649 1013 2732; x_wconf 72' lang='grc'>7)</span> <span class='ocrx_word' id='word_1_188' title='bbox 1040 2647 1126 2725; x_wconf 87' lang='lat' dir='ltr'>dicit,</span> 
     </span>
     <span class='ocr_line' id='line_1_24' title="bbox 40 2749 1127 2832; baseline -0.003 -17"><span class='ocrx_word' id='word_1_189' title='bbox 40 2751 202 2815; x_wconf 86' lang='lat' dir='ltr'>Velleium</span> <span class='ocrx_word' id='word_1_190' title='bbox 222 2771 298 2831; x_wconf 78' lang='lat' dir='ltr'>prae</span> <span class='ocrx_word' id='word_1_191' title='bbox 320 2769 353 2812; x_wconf 86' lang='lat' dir='ltr'>se</span> <span class='ocrx_word' id='word_1_192' title='bbox 375 2751 477 2828; x_wconf 88' lang='lat' dir='ltr'>lerre,</span> <span class='ocrx_word' id='word_1_193' title='bbox 505 2753 674 2832; x_wconf 86' lang='lat' dir='ltr'>Epicureos</span> <span class='ocrx_word' id='word_1_194' title='bbox 697 2753 789 2831; x_wconf 84' lang='lat' dir='ltr'>plane</span> <span class='ocrx_word' id='word_1_195' title='bbox 812 2761 957 2832; x_wconf 86' lang='lat' dir='ltr'>expertes</span> <span class='ocrx_word' id='word_1_196' title='bbox 981 2769 1048 2811; x_wconf 88' lang='lat' dir='ltr'>esse</span> <span class='ocrx_word' id='word_1_197' title='bbox 1071 2749 1127 2812; x_wconf 86' lang='lat' dir='ltr'>tlo-</span> 
     </span>
     <span class='ocr_line' id='line_1_25' title="bbox 43 2853 1125 2936; baseline -0.005 -17"><span class='ocrx_word' id='word_1_198' title='bbox 43 2857 180 2932; x_wconf 86' lang='lat' dir='ltr'>ctrinse,</span> <span class='ocrx_word' id='word_1_199' title='bbox 211 2873 327 2916; x_wconf 82' lang='lat' dir='ltr'>novum</span> <span class='ocrx_word' id='word_1_200' title='bbox 350 2854 511 2914; x_wconf 85' lang='lat' dir='ltr'>oculorum</span> <span class='ocrx_word' id='word_1_201' title='bbox 533 2853 683 2916; x_wconf 89' lang='lat' dir='ltr'>iudicium</span> <span class='ocrx_word' id='word_1_202' title='bbox 706 2855 838 2930; x_wconf 81' lang='lat' dir='ltr'>hebere,</span> <span class='ocrx_word' id='word_1_203' title='bbox 865 2875 967 2936; x_wconf 89' lang='lat' dir='ltr'>neque</span> <span class='ocrx_word' id='word_1_204' title='bbox 989 2873 1125 2935; x_wconf 78' lang='lat' dir='ltr'>uuquam</span> 
     </span>
     <span class='ocr_line' id='line_1_26' title="bbox 46 2956 1126 3039; baseline -0.004 -18"><span class='ocrx_word' id='word_1_205' title='bbox 46 2957 204 3021; x_wconf 85' lang='lat' dir='ltr'>eruditum</span> <span class='ocrx_word' id='word_1_206' title='bbox 220 2957 381 3036; x_wconf 83' lang='lat' dir='ltr'>pulverent</span> <span class='ocrx_word' id='word_1_207' title='bbox 400 2957 547 3036; x_wconf 75' lang='lat' dir='ltr'>attigisse,</span> <span class='ocrx_word' id='word_1_208' title='bbox 571 2977 676 3039; x_wconf 88' lang='lat' dir='ltr'>neque</span> <span class='ocrx_word' id='word_1_209' title='bbox 690 2958 722 3018; x_wconf 89' lang='lat' dir='ltr'>in</span> <span class='ocrx_word' id='word_1_210' title='bbox 740 2956 867 3038; x_wconf 84' lang='lat' dir='ltr'>physica</span> <span class='ocrx_word' id='word_1_211' title='bbox 885 2968 1025 3018; x_wconf 82' lang='lat' dir='ltr'>versutos</span> <span class='ocrx_word' id='word_1_212' title='bbox 1044 2975 1126 3035; x_wconf 81' lang='lat' dir='ltr'>esse3</span> 
     </span>
     <span class='ocr_line' id='line_1_27' title="bbox 46 3057 1125 3144; baseline -0.002 -22"><span class='ocrx_word' id='word_1_213' title='bbox 46 3061 103 3144; x_wconf 89' lang='lat' dir='ltr'>qui</span> <span class='ocrx_word' id='word_1_214' title='bbox 123 3057 345 3122; x_wconf 85' lang='lat' dir='ltr'>contenderent</span> <span class='ocrx_word' id='word_1_215' title='bbox 367 3059 538 3143; x_wconf 82' lang='lat' dir='ltr'>quidquem</span> <span class='ocrx_word' id='word_1_216' title='bbox 564 3059 727 3141; x_wconf 80' lang='lat' dir='ltr'>pulchrius</span> <span class='ocrx_word' id='word_1_217' title='bbox 749 3079 815 3120; x_wconf 89' lang='lat' dir='ltr'>esse</span> <span class='ocrx_word' id='word_1_218' title='bbox 838 3077 931 3138; x_wconf 84' lang='lat' dir='ltr'>posse</span> <span class='ocrx_word' id='word_1_219' title='bbox 952 3059 1053 3119; x_wconf 85' lang='lat' dir='ltr'>lorms</span> <span class='ocrx_word' id='word_1_220' title='bbox 1073 3077 1125 3120; x_wconf 91' lang='lat' dir='ltr'>ro·</span> 
     </span>
     <span class='ocr_line' id='line_1_28' title="bbox 46 3160 1125 3243; baseline -0.005 -18"><span class='ocrx_word' id='word_1_221' title='bbox 46 3161 160 3236; x_wconf 84' lang='lat' dir='ltr'>tundo,</span> <span class='ocrx_word' id='word_1_222' title='bbox 193 3181 274 3243; x_wconf 81' lang='lat' dir='ltr'>qrree</span> <span class='ocrx_word' id='word_1_223' title='bbox 306 3181 414 3224; x_wconf 86' lang='lat' dir='ltr'>omnes</span> <span class='ocrx_word' id='word_1_224' title='bbox 442 3164 518 3226; x_wconf 87' lang='lat' dir='ltr'>nliss</span> <span class='ocrx_word' id='word_1_225' title='bbox 546 3163 662 3242; x_wconf 78' lang='lat' dir='ltr'>ligures</span> <span class='ocrx_word' id='word_1_226' title='bbox 694 3161 869 3238; x_wconf 77' lang='lat' dir='ltr'>contineat,</span> <span class='ocrx_word' id='word_1_227' title='bbox 902 3173 934 3221; x_wconf 87' lang='lat' dir='ltr'>et</span> <span class='ocrx_word' id='word_1_228' title='bbox 964 3160 1031 3221; x_wconf 88' lang='lat' dir='ltr'>sine</span> <span class='ocrx_word' id='word_1_229' title='bbox 1063 3179 1125 3242; x_wconf 84' lang='lat' dir='ltr'>qne</span> 
     </span>
     <span class='ocr_line' id='line_1_29' title="bbox 48 3261 1125 3349; baseline -0.005 -23"><span class='ocrx_word' id='word_1_230' title='bbox 48 3263 215 3346; x_wconf 84' lang='lat' dir='ltr'>eeqtrnlites</span> <span class='ocrx_word' id='word_1_231' title='bbox 242 3277 345 3326; x_wconf 86' lang='lat' dir='ltr'>motus</span> <span class='ocrx_word' id='word_1_232' title='bbox 371 3267 604 3349; x_wconf 77' lang='lat' dir='ltr'>constantiaque</span> <span class='ocrx_word' id='word_1_233' title='bbox 627 3263 773 3327; x_wconf 85' lang='lat' dir='ltr'>ordinum</span> <span class='ocrx_word' id='word_1_234' title='bbox 798 3281 860 3324; x_wconf 89' lang='lat' dir='ltr'>non</span> <span class='ocrx_word' id='word_1_235' title='bbox 883 3261 1035 3342; x_wconf 87' lang='lat' dir='ltr'>potuisset</span> <span class='ocrx_word' id='word_1_236' title='bbox 1060 3281 1125 3322; x_wconf 87' lang='lat' dir='ltr'>sen·</span> 
     </span>
     <span class='ocr_line' id='line_1_30' title="bbox 50 3363 1124 3450; baseline -0.006 -20"><span class='ocrx_word' id='word_1_237' title='bbox 50 3367 126 3430; x_wconf 76' lang='lat' dir='ltr'>veri.</span> <span class='ocrx_word' id='word_1_238' title='bbox 167 3365 215 3426; x_wconf 87' lang='lat' dir='ltr'>Ex</span> <span class='ocrx_word' id='word_1_239' title='bbox 235 3385 300 3447; x_wconf 86' lang='lat' dir='ltr'>quo</span> <span class='ocrx_word' id='word_1_240' title='bbox 317 3368 406 3450; x_wconf 89' lang='lat' dir='ltr'>sequi</span> <span class='ocrx_word' id='word_1_241' title='bbox 423 3381 524 3449; x_wconf 83' lang='lat' dir='ltr'>putet,</span> <span class='ocrx_word' id='word_1_242' title='bbox 545 3369 626 3432; x_wconf 89' lang='lat' dir='ltr'>nihil</span> <span class='ocrx_word' id='word_1_243' title='bbox 644 3387 736 3448; x_wconf 88' lang='lat' dir='ltr'>posse</span> <span class='ocrx_word' id='word_1_244' title='bbox 757 3385 823 3428; x_wconf 84' lang='lat' dir='ltr'>esse</span> <span class='ocrx_word' id='word_1_245' title='bbox 845 3363 1011 3440; x_wconf 84' lang='lat' dir='ltr'>indoctius,</span> <span class='ocrx_word' id='word_1_246' title='bbox 1030 3384 1124 3445; x_wconf 85' lang='lat' dir='ltr'>qoem</span> 
     </span>
     <span class='ocr_line' id='line_1_31' title="bbox 50 3465 1124 3552; baseline -0.004 -22"><span class='ocrx_word' id='word_1_247' title='bbox 50 3466 131 3552; x_wconf 81' lang='lat' dir='ltr'>quod</span> <span class='ocrx_word' id='word_1_248' title='bbox 158 3470 197 3529; x_wconf 83' lang='lat' dir='ltr'>eh</span> <span class='ocrx_word' id='word_1_249' title='bbox 225 3467 386 3550; x_wconf 83' lang='lat' dir='ltr'>Epicureis</span> <span class='ocrx_word' id='word_1_250' title='bbox 413 3471 564 3533; x_wconf 83' lang='lat' dir='ltr'>nlfirnneri</span> <span class='ocrx_word' id='word_1_251' title='bbox 592 3472 708 3548; x_wconf 79' lang='lat' dir='ltr'>soleat,</span> <span class='ocrx_word' id='word_1_252' title='bbox 738 3469 794 3551; x_wconf 88' lang='lat' dir='ltr'>qui</span> <span class='ocrx_word' id='word_1_253' title='bbox 822 3487 885 3528; x_wconf 88' lang='lat' dir='ltr'>uon</span> <span class='ocrx_word' id='word_1_254' title='bbox 912 3467 995 3528; x_wconf 90' lang='lat' dir='ltr'>hunc</span> <span class='ocrx_word' id='word_1_255' title='bbox 1020 3465 1124 3546; x_wconf 88' lang='lat' dir='ltr'>ipsum</span> 
     </span>
     <span class='ocr_line' id='line_1_32' title="bbox 51 3567 1124 3652; baseline -0.004 -20"><span class='ocrx_word' id='word_1_256' title='bbox 51 3569 194 3634; x_wconf 82' lang='lat' dir='ltr'>mnndum</span> <span class='ocrx_word' id='word_1_257' title='bbox 215 3591 276 3652; x_wconf 91' lang='lat' dir='ltr'>pro</span> <span class='ocrx_word' id='word_1_258' title='bbox 298 3585 384 3636; x_wconf 86' lang='lat' dir='ltr'>certo</span> <span class='ocrx_word' id='word_1_259' title='bbox 406 3573 577 3637; x_wconf 82' lang='lat' dir='ltr'>rotundum</span> <span class='ocrx_word' id='word_1_260' title='bbox 599 3591 664 3637; x_wconf 85' lang='lat' dir='ltr'>esse</span> <span class='ocrx_word' id='word_1_261' title='bbox 687 3571 844 3648; x_wconf 84' lang='lat' dir='ltr'>dicerent,</span> <span class='ocrx_word' id='word_1_262' title='bbox 865 3569 919 3633; x_wconf 85' lang='lat' dir='ltr'>sed</span> <span class='ocrx_word' id='word_1_263' title='bbox 942 3587 1034 3650; x_wconf 80' lang='lat' dir='ltr'>posse</span> <span class='ocrx_word' id='word_1_264' title='bbox 1055 3567 1124 3629; x_wconf 85' lang='lat' dir='ltr'>lieri</span> 
     </span>
     <span class='ocr_line' id='line_1_33' title="bbox 52 3670 1124 3760; baseline -0.004 -26"><span class='ocrx_word' id='word_1_265' title='bbox 52 3686 214 3753; x_wconf 86' lang='lat' dir='ltr'>censerent,</span> <span class='ocrx_word' id='word_1_266' title='bbox 236 3685 272 3737; x_wconf 92' lang='lat' dir='ltr'>nt</span> <span class='ocrx_word' id='word_1_267' title='bbox 291 3675 332 3738; x_wconf 91' lang='lat' dir='ltr'>sit</span> <span class='ocrx_word' id='word_1_268' title='bbox 353 3676 414 3739; x_wconf 82' lang='lat' dir='ltr'>ulie</span> <span class='ocrx_word' id='word_1_269' title='bbox 434 3676 545 3758; x_wconf 81' lang='lat' dir='ltr'>figura,</span> <span class='ocrx_word' id='word_1_270' title='bbox 565 3677 869 3760; x_wconf 77' lang='lat' dir='ltr'>innumerabilesque</span> <span class='ocrx_word' id='word_1_271' title='bbox 891 3670 1024 3734; x_wconf 85' lang='lat' dir='ltr'>mundos</span> <span class='ocrx_word' id='word_1_272' title='bbox 1046 3671 1124 3732; x_wconf 84' lang='lat' dir='ltr'>elios</span> 
     </span>
    </p>
   </div>
   <div class='ocr_carea' id='block_1_5' title="bbox 52 3833 307 3850">
    <p class='ocr_par' dir='ltr' id='par_1_5' title="bbox 52 3833 307 3850">
     <span class='ocr_line' id='line_1_34' title="bbox 52 3833 307 3850; baseline 0 -3"><span class='ocrx_word' id='word_1_273' title='bbox 52 3833 307 3850; x_wconf 58' lang='lat' dir='ltr'>*affl</span> 
     </span>
    </p>
   </div>
   <div class='ocr_carea' id='block_1_6' title="bbox 119 3917 1122 4256">
    <p class='ocr_par' dir='ltr' id='par_1_6' title="bbox 119 3917 1122 4082">
     <span class='ocr_line' id='line_1_35' title="bbox 119 3917 1122 3995; baseline -0.008 -17"><span class='ocrx_word' id='word_1_274' title='bbox 119 3924 147 3993; x_wconf 88' lang='lat'>1)</span> <span class='ocrx_word' id='word_1_275' title='bbox 164 3923 205 3978; x_wconf 81' lang='lat' dir='ltr'>As</span> <span class='ocrx_word' id='word_1_276' title='bbox 224 3923 310 3977; x_wconf 81' lang='lat' dir='ltr'>Luert.</span> <span class='ocrx_word' id='word_1_277' title='bbox 330 3941 356 3995; x_wconf 83' lang='lat' dir='ltr'>p·</span> <span class='ocrx_word' id='word_1_278' title='bbox 374 3925 435 3980; x_wconf 79' lang='lat' dir='ltr'>tet.</span> <span class='ocrx_word' id='word_1_279' title='bbox 614 3925 644 3993; x_wconf 78' lang='lat'>²)</span> <span class='ocrx_word' id='word_1_280' title='bbox 661 3921 704 3977; x_wconf 86' lang='lat' dir='ltr'>De</span> <span class='ocrx_word' id='word_1_281' title='bbox 722 3921 790 3994; x_wconf 78' lang='lat' dir='ltr'>plac.</span> <span class='ocrx_word' id='word_1_282' title='bbox 809 3919 902 3992; x_wconf 86' lang='lat' dir='ltr'>philos.</span> <span class='ocrx_word' id='word_1_283' title='bbox 921 3917 954 3986; x_wconf 91' lang='lat' dir='ltr'>ll,</span> <span class='ocrx_word' id='word_1_284' title='bbox 970 3922 996 3971; x_wconf 78' lang='lat'>2.</span> <span class='ocrx_word' id='word_1_285' title='bbox 1014 3932 1042 3990; x_wconf 90' lang='lat' dir='ltr'>p.</span> <span class='ocrx_word' id='word_1_286' title='bbox 1061 3919 1122 3972; x_wconf 75' lang='grc'>886.</span> 
     </span>
     <span class='ocr_line' id='line_1_36' title="bbox 119 4009 888 4082; baseline -0.003 -16"><span class='ocrx_word' id='word_1_287' title='bbox 119 4012 147 4080; x_wconf 77' lang='lat'>8)</span> <span class='ocrx_word' id='word_1_288' title='bbox 164 4011 265 4066; x_wconf 75' lang='lat' dir='ltr'>Contra</span> <span class='ocrx_word' id='word_1_289' title='bbox 283 4010 377 4065; x_wconf 81' lang='lat' dir='ltr'>lulisn.</span> <span class='ocrx_word' id='word_1_290' title='bbox 395 4010 426 4063; x_wconf 91' lang='lat' dir='ltr'>ll.</span> <span class='ocrx_word' id='word_1_291' title='bbox 611 4011 642 4082; x_wconf 81' lang='lat' dir='ltr'>t)</span> <span class='ocrx_word' id='word_1_292' title='bbox 660 4009 702 4065; x_wconf 87' lang='lat' dir='ltr'>De</span> <span class='ocrx_word' id='word_1_293' title='bbox 719 4011 752 4065; x_wconf 84' lang='lat' dir='ltr'>N.</span> <span class='ocrx_word' id='word_1_294' title='bbox 768 4009 803 4063; x_wconf 87' lang='lat' dir='ltr'>D.</span> <span class='ocrx_word' id='word_1_295' title='bbox 821 4011 841 4075; x_wconf 82' lang='lat' dir='ltr'>l,</span> <span class='ocrx_word' id='word_1_296' title='bbox 861 4013 888 4064; x_wconf 83' lang='lat'>8.</span> 
     </span>
    </p>

    <p class='ocr_par' dir='ltr' id='par_1_7' title="bbox 119 4097 908 4256">
     <span class='ocr_line' id='line_1_37' title="bbox 120 4097 908 4170; baseline -0.009 -14"><span class='ocrx_word' id='word_1_297' title='bbox 120 4101 149 4168; x_wconf 81' lang='lat' dir='ltr'>t)</span> <span class='ocrx_word' id='word_1_298' title='bbox 166 4099 209 4153; x_wconf 87' lang='lat' dir='ltr'>De</span> <span class='ocrx_word' id='word_1_299' title='bbox 226 4097 308 4154; x_wconf 85' lang='lat' dir='ltr'>Stoic.</span> <span class='ocrx_word' id='word_1_300' title='bbox 324 4113 437 4170; x_wconf 78' lang='lat' dir='ltr'>repugn.</span> <span class='ocrx_word' id='word_1_301' title='bbox 457 4117 484 4170; x_wconf 91' lang='lat' dir='ltr'>p.</span> <span class='ocrx_word' id='word_1_302' title='bbox 497 4101 576 4155; x_wconf 76' lang='lat' dir='ltr'>tots.</span> <span class='ocrx_word' id='word_1_303' title='bbox 614 4103 644 4169; x_wconf 84' lang='lat' dir='ltr'>t)</span> <span class='ocrx_word' id='word_1_304' title='bbox 662 4099 705 4153; x_wconf 88' lang='lat' dir='ltr'>De</span> <span class='ocrx_word' id='word_1_305' title='bbox 723 4099 756 4152; x_wconf 88' lang='lat' dir='ltr'>N.</span> <span class='ocrx_word' id='word_1_306' title='bbox 772 4097 807 4150; x_wconf 84' lang='lat' dir='ltr'>l).</span> <span class='ocrx_word' id='word_1_307' title='bbox 825 4097 844 4165; x_wconf 87' lang='lat'>1,</span> <span class='ocrx_word' id='word_1_308' title='bbox 865 4099 908 4150; x_wconf 87' lang='lat' dir='ltr'>to.</span> 
     </span>
     <span class='ocr_line' id='line_1_38' title="bbox 119 4184 419 4256; baseline -0.02 -14"><span class='ocrx_word' id='word_1_309' title='bbox 119 4184 419 4256; x_wconf 60' lang='lat' dir='ltr'>DfflNstffiffl</span> 
     </span>
    </p>
   </div>
   <div class='ocr_carea' id='block_1_7' title="bbox 0 0 1436 4860">
    <p class='ocr_par' dir='ltr' id='par_1_8' title="bbox 0 0 1436 4860">
     <span class='ocr_line' id='line_1_39' title="bbox 0 0 1436 4860; baseline 0 0"><span class='ocrx_word' id='word_1_310' title='bbox 0 0 1436 4860; x_wconf 95' lang='lat' dir='ltr'> </span> 
     </span>
    </p>
   </div>
  </div>
 </body>
</html>
