2972 4836
504 372 785 416 -ht—

101 514 252 578 denhao.
293 514 330 576 In
347 512 442 578 scau.
453 514 504 593 t‚t
526 514 638 580 Cicero
653 519 829 585 Varronem
843 522 1006 607 alloqnem
1024 547 1057 590 aa
1078 527 1188 596 mirari

102 619 186 698 dicit,
207 639 269 680 cnr
285 639 358 680 cam
375 621 474 682 multa
493 622 617 700 scribat,
639 645 736 702 genus
756 627 817 688 hoc
834 631 1076 710 praetermittat,
1097 651 1189 713 pras·

104 721 228 798 mtim,
262 719 385 802 inquit,
418 743 487 786 cum
516 737 549 786 et
575 726 645 806 ipae
673 727 706 788 in
729 747 767 790 eo
789 731 921 792 excellat
943 744 975 794 et
996 732 1028 798 id
1049 734 1188 798 studitam

106 835 235 906 totque
255 843 294 886 ea
316 843 367 886 rea
386 825 479 906 longe
502 829 613 890 ceteris
640 840 672 891 et
695 829 806 894 studiis
827 845 861 893 et
884 835 1004 898 artibus
1025 837 1188 903 antecedat

102 933 211 1010 (pentae
233 927 315 1002 hocp
328 925 360 988 id
382 939 440 1006 est,
462 941 496 992 ut
518 931 653 1013 explicet
669 933 793 996 Tullius
809 935 937 1015 ibidem,
955 939 1186 1022 philosophiam

102 1041 242 1093 emerem
261 1029 352 1091 illam
373 1049 391 1089 e
412 1029 542 1094 Socrate
564 1033 680 1120 ortam)
702 1035 823 1099 latinis
840 1037 956 1103 litteris
974 1041 1144 1106 illustrare.

184 1133 279 1194 Hanc
302 1131 451 1194 historias
473 1135 707 1216 philosophicae
724 1138 890 1202 utilitatem
910 1146 1112 1222 cognoscebat
1131 1147 1187 1210 ills

103 1235 358 1316 inoootparahilis
382 1235 651 1317 hamtonasira,
683 1240 757 1324 qai,
789 1254 870 1305 teate
898 1245 931 1306 in
960 1245 1045 1308 illius
1074 1248 1186 1327 Elegio

104 1363 134 1422 p.
150 1345 193 1403 26
212 1361 284 1423 seq.
327 1340 527 1420 Rulmkenio,
547 1363 626 1423 „per
647 1363 755 1406 omnes
776 1345 993 1426 philosophiae
1014 1361 1119 1428 partes
1141 1334 1187 1413 aio

104 1455 231 1524 vagatus
260 1451 326 1520 eat,
355 1455 392 1504 ut
413 1441 507 1506 modo
529 1457 709 1509 versaretur
729 1447 763 1508 in
789 1459 895 1510 sancto
917 1449 1112 1530 Pythagoraa
1135 1471 1187 1512 re-

104 1567 202 1624 cessa,
225 1544 325 1608 modo
347 1545 381 1606 ia
401 1543 555 1610 academia
575 1549 732 1626 Platonis,
755 1549 848 1613 modo
868 1550 903 1615 in
923 1551 1102 1616 Aristotelis
1123 1553 1187 1635 hp·

104 1669 163 1727 ceo,
186 1647 289 1712 modo
304 1649 341 1710 in
355 1649 494 1712 Zenonis
512 1652 647 1731 porticu,
669 1651 762 1714 niodo
782 1653 815 1714 in
838 1653 937 1716 hortis
956 1654 1094 1735 Epicuri,
1116 1654 1185 1718 uhi·

104 1773 162 1834 que
185 1773 258 1814 cum
278 1749 487 1828 admiratione
503 1752 638 1834 quadam
658 1752 894 1836 deprehendam
915 1757 1081 1837 permulta,
1103 1779 1184 1840 quae

104 1856 213 1917 aetatis
228 1867 358 1916 nostrae
373 1855 493 1918 vanitas
511 1855 608 1923 audet
626 1869 663 1920 ut
682 1877 790 1920 recens
809 1859 936 1922 inventa
949 1861 1077 1924 iactare.
1113 1862 1185 1924 Pte·

103 1959 197 2040 rique
212 1958 328 2020 veteris
344 1957 561 2038 philosophiae
582 1955 716 2021 studiosi
726 1961 783 2022 sel
805 1971 926 2038 partem
950 1961 1016 2022 cius
1037 1957 1185 2038 delibant,

105 2062 160 2122 vel
186 2061 220 2121 in
243 2061 318 2122 loeis
341 2059 587 2137 amoenioribus,
606 2061 743 2124 maxime
764 2062 798 2122 in
823 2060 921 2122 eodo
944 2061 1083 2122 moribus
1103 2081 1187 2124 eota·

105 2173 280 2224 morantur.
321 2165 364 2225 ht
386 2164 638 2232 Hematerhusia'a
665 2163 784 2244 ingenii
808 2163 858 2226 sui
877 2162 1086 2244 magnitudini
1112 2183 1186 2228 con·

106 2278 289 2328 sentaneun
316 2263 488 2346 iudicabat,
514 2269 610 2330 etiam
639 2277 761 2350 partem
781 2266 925 2330 onmem
955 2266 1185 2347 difficillimam,

106 2387 186 2450 qma
205 2368 706 2450 metaphysicemeompleetitur,
728 2373 1031 2450 pervestigare...
1075 2371 1185 2436 Cente-
1238 2388 1239 2402 ¹

106 2493 175 2532 rum
199 2470 234 2532 in
265 2471 476 2554 metaphysica
498 2492 581 2554 quse
608 2489 683 2535 aera
708 2483 857 2553 certaque
879 2471 941 2536 sint
963 2485 994 2535 et
1015 2475 1048 2536 in
1070 2477 1184 2557 quum

105 2573 193 2636 firme
214 2573 387 2636 consistere
408 2574 516 2656 possis,
536 2572 621 2656 apud
641 2585 762 2656 vetarm
783 2593 816 2636 ae
836 2574 990 2654 reperisse
1011 2578 1115 2639 omnia
1137 2576 1185 2640 di·

105 2679 203 2738 cehat.
250 2676 415 2740 Novarum
441 2677 627 2758 opinionum
645 2676 851 2740 subtilitatem
872 2687 907 2739 ut
930 2676 1019 2740 laeile
1038 2697 1185 2758 agnosce·

105 2781 174 2856 hat,
205 2779 252 2842 sic
281 2794 388 2840 earum
416 2779 576 2842 lenitatem
605 2791 638 2842 et
664 2779 904 2842 inconstantiam
932 2780 984 2841 vel
1012 2781 1071 2841 hoc
1094 2798 1186 2858 argee

104 2894 212 2946 mento
233 2882 482 2959 demonstrabat,
501 2881 588 2966 quod
610 2881 855 2965 quotiescunque
875 2885 977 2944 noveta
995 2883 1185 2964 metaphysi-

106 3008 161 3050 cus
178 2985 303 3065 existat,
320 2985 414 3049 toties
428 2985 519 3068 prlor
536 2985 616 3063 lone,
638 3003 732 3065 quem
746 2984 856 3059 tenuit,
878 2984 1042 3064 pellatur.’'
1078 2984 1186 3044 Enim·

106 3107 184 3151 vero
206 3090 283 3149 haec
303 3100 350 3150 est
371 3107 435 3149 non
456 3107 555 3169 parva
575 3085 724 3147 historiae
746 3084 979 3165 philosophicae
1001 3085 1079 3160 laus,
1099 3082 1183 3164 quod

106 3190 218 3252 omnia
246 3190 310 3250 lere
338 3211 377 3252 ex
406 3190 537 3273 antiqua
561 3187 762 3269 philosophis
791 3187 901 3248 hausta
929 3195 985 3247 aut
1012 3184 1041 3248 ei
1063 3185 1184 3264 cognita

107 3292 205 3356 liuius
233 3291 360 3373 opsita
387 3287 622 3374 deprehendere
651 3287 739 3368 licet,
773 3301 809 3350 ut
838 3307 900 3350 non
932 3287 1008 3351 falsa
1035 3289 1185 3352 novitatis

107 3396 213 3482 specie
232 3397 462 3478 proscribamua
477 3408 508 3457 et
529 3393 609 3456 nihil
626 3414 736 3457 verum
752 3382 805 3456 hut
821 3389 998 3470 absurdum,
1019 3389 1106 3474 quod
1120 3411 1184 3452 non

106 3505 146 3564 ah
167 3501 275 3583 aliquo
296 3511 404 3572 cetere
425 3483 614 3582 philosopho
634 3495 749 3572 dictum
771 3496 882 3572 luerit,
907 3491 1185 3576 deprehendamus.

105 3606 146 3667 Et
177 3603 405 3683 elegantissime
435 3597 701 3685 ingeniosissimus
733 3609 826 3679 poeta
854 3595 1027 3662 Germanus
1056 3597 1186 3673 (iollam,

106 3707 216 3790 quales
245 3706 361 3767 meritos
390 3718 425 3768 ut
452 3717 485 3767 et
513 3701 737 3765 eruditissimos
768 3701 852 3765 viros
882 3701 959 3761 haee
985 3717 1060 3777 gans
1085 3697 1186 3760 Massia

108 3807 231 3890 egregie
253 3807 472 3890 interponens
498 3799 771 3888 dilectantur),
801 3802 834 3864 in
862 3802 942 3864 salsa
970 3820 1043 3863 sane
1072 3797 1185 3875 fabula,

181 4057 206 4126 ¹)
222 4056 378 4112 Notandum
395 4057 424 4110 in
436 4053 581 4110 [immania
594 4052 820 4126 ingeniosissimos
836 4059 927 4121 postea
946 4045 1025 4102 simtu
1043 4055 1068 4102 et
1087 4046 1186 4102 doctis·

107 4145 190 4200 simos
216 4155 244 4199 et
270 4145 461 4200 eruditissimos
486 4144 608 4198 homines
632 4145 743 4198 aase'et
766 4139 891 4192 intimam
915 4153 1017 4190 recum*
1038 4135 1185 4190 &enatant

109 4232 261 4288 doctrinam
281 4251 344 4287 cunt
362 4231 429 4287 flore
454 4233 554 4307 ingenii
571 4231 750 4297 coniungere,
776 4223 869 4296 qualos
889 4223 1013 4280 eminent-
1030 4221 1185 4297 Ktnpstoel.

794 4325 902 4385 *HQ
