2972 4836
700 379 748 396 ⁸·-
801 365 879 408 nvttt
930 377 973 392 ¹·-

301 513 464 591 videntnr,
489 511 516 576 si
537 531 602 596 qno
623 509 753 576 consilio
775 512 828 576 ille
851 509 987 594 seriptns
1006 508 1048 574 sit
1070 506 1279 588 memineris,
1315 505 1416 570 iacil-

301 619 378 680 limo
399 617 526 698 negotio
548 614 769 696 expediuntur,
791 629 823 679 et
844 615 887 678 ita
909 613 1035 698 quidem
1053 625 1085 676 nt
1103 613 1151 676 bis
1172 608 1416 692 impedimen·

300 721 342 784 tis
362 719 401 783 da
424 720 527 784 medio
540 719 679 792 ,sublatis
696 721 788 801 plane
804 739 887 782 nova
903 717 1045 800 opusculi
1061 716 1143 779 ratio
1164 725 1412 796 cognoscatur.

299 823 423 886 Etenim
447 842 545 906 quum
566 821 761 884 verissimum
783 821 832 898 sit,
854 821 939 904 qnod
960 820 1156 882 Villoisonns
1177 819 1210 880 in
1229 818 1413 896 Prolego-

299 927 398 990 menis
418 924 644 989 demonstravit
665 922 814 1008 quodque
834 923 894 1006 ipsi
914 923 1007 984 etiam
1029 921 1149 984 lirmins
1171 919 1408 982 corroborare

300 1028 486 1106 studuimus,
506 1026 662 1090 contineri
682 1045 720 1088 eo
741 1027 849 1088 libello
868 1025 1041 1106 theologiae
1056 1023 1178 1088 Stoicae
1193 1021 1407 1097 doctrinam,

301 1153 341 1194 ex
362 1132 515 1196 maiorum
536 1129 675 1210 gentium
696 1128 825 1206 stuiolo,
850 1128 1035 1209 praesertim
1055 1147 1096 1192 ex
1117 1124 1301 1207 Cbryeippi
1327 1125 1404 1204 pla·

301 1235 371 1298 citis
391 1235 426 1297 in
448 1236 580 1305 formam
603 1230 781 1316 compendit
807 1233 954 1310 relatam,
985 1249 1022 1294 ea
1050 1228 1191 1316 doetrina
1212 1227 1333 1312 qualis
1357 1226 1403 1288 ait

300 1337 465 1421 quaerenti
484 1336 588 1399 statim
605 1335 751 1414 occurrit,
773 1333 1012 1418 haudquaquam
1031 1332 1207 1396 Stoicorum
1230 1351 1310 1394 esse
1336 1349 1400 1411 po·

300 1442 415 1520 tuisse,
444 1447 479 1504 nt
500 1440 537 1502 in
564 1437 749 1519 explicanda
776 1459 813 1500 ea
833 1437 867 1500 in
889 1438 964 1502 solis
985 1436 1116 1500 deornm
1137 1434 1336 1500 muneribus
1365 1445 1399 1494 et

300 1543 517 1620 laeultstibue,
538 1542 646 1623 quales
668 1541 754 1620 vulgi
773 1539 884 1621 opinio
903 1539 963 1604 sibi
983 1539 1196 1618 informasset,
1217 1539 1397 1602 illustran-

296 1644 348 1706 dis
370 1645 459 1706 nnioe
483 1643 706 1720 consisterent,
734 1639 789 1704 aad
811 1653 846 1704 ut
866 1643 906 1704 ab
928 1661 965 1704 eo
986 1641 1107 1721 exorsi,
1139 1664 1159 1704 a
1180 1662 1245 1730 qno
1269 1639 1394 1706 Stoico
1434 1669 1443 1678 -

241 1760 245 1774 ·
298 1744 526 1809 exordiendum
549 1756 626 1822 erat,
650 1745 681 1808 b.
700 1761 727 1808 a.
749 1765 768 1807 a
789 1744 928 1824 generali
948 1743 999 1810 dei
1020 1745 1159 1823 notione,
1181 1745 1255 1808 batia
1274 1742 1392 1806 omnin

299 1847 379 1924 ista,
400 1866 481 1930 qnae
498 1859 526 1908 ιι
539 1848 633 1926 vulgo
652 1846 715 1912 diis
733 1848 998 1927 attribuerentur,
1014 1865 1060 1912 'ex
1080 1847 1135 1910 illa
1152 1860 1227 1929 apta
1246 1848 1391 1912 subiun-

299 1963 421 2032 gereat.
448 1950 591 2016 'Summa
609 1969 686 2016 vero
708 1952 883 2032 theologiae
901 1951 1090 2031 Stoicorum,
1110 1963 1145 2014 nt
1168 1952 1291 2032 egregia
1310 1951 1390 2014 Vil-

296 2055 439 2119 loisoaus
464 2053 504 2118 de
525 2055 635 2120 Theoi.
662 2055 752 2137 playa.
781 2055 877 2120 Stoic.
905 2054 1146 2134 demonstravit,
1176 2073 1213 2118 eo
1235 2073 1390 2134 eompre-

302 2157 505 2234 ltsndebatnr,
528 2155 613 2239 qnod
637 2177 734 2219 unum
757 2155 903 2241 idemque
921 2173 1039 2223 ,nnnsen
1060 2169 1152 2234 esset,
1174 2156 1260 2238 qnod
1278 2157 1388 2219 iidem

299 2259 351 2320 vet
374 2256 534 2333 mnndnm,
555 2259 607 2318 nel
628 2257 738 2320 mnndi
757 2261 891 2324 animant
913 2265 964 2326 vel
984 2262 1137 2324 rationem
1158 2257 1297 2321 divinans
1320 2279 1386 2338 ap-

300 2360 476 2439 pellassent,
495 2357 645 2440 quodque
665 2377 763 2441 quum
786 2380 892 2426 omnes
909 2383 1014 2426 rernm
1032 2373 1163 2440 naturae
1179 2371 1285 2441 partes
1301 2381 1385 2440 pera·

299 2474 417 2526 mearet
438 2474 469 2524 et
490 2462 631 2542 agitaret,
652 2461 748 2525 variis
769 2463 1004 2548 innumerisque
1026 2463 1225 2530 inanitatibus
1248 2461 1381 2544 praedi-

290 2577 367 2626 tum
388 2575 477 2628 esset.
519 2565 585 2626 llas
607 2564 694 2626 cerni
712 2563 836 2628 aiebant
858 2567 954 2630 variis
975 2568 1157 2632 muneribus
1181 2565 1380 2646 operationi·

297 2669 429 2754 busque,
451 2687 532 2750 quea
553 2681 742 2749 quamquam
765 2670 892 2752 proprie
909 2673 950 2734 als
966 2671 1058 2734 nnius
1076 2668 1127 2735 dei
1142 2669 1287 2732 facultate
1300 2687 1378 2749 pro-

297 2783 470 2848 manarent,
490 2783 593 2834 tamen
616 2771 807 2850 singularum
828 2772 962 2852 speciem
984 2793 1060 2853 prae
1078 2791 1111 2836 se
1134 2771 1252 2834 laurent
1273 2771 1378 2833 nonsi-

298 2872 451 2954 nibnsqne
473 2873 664 2950 singulorum
691 2873 821 2938 deorum
845 2875 1126 2956 terminarentur
1149 2885 1262 2941 essent.
1308 2875 1377 2938 Hos

298 2993 364 3036 esse
385 2989 466 3056 quos
487 2976 598 3055 vulgus
618 2975 695 3040 deos
718 2991 859 3068 putaret,
890 2991 984 3062 atque
1007 2991 1055 3042 tot
1077 2977 1206 3062 quidem
1229 2977 1375 3040 inventos

298 3089 377 3160 quot
400 3090 505 3155 posset
533 3079 636 3144 varias
663 3081 795 3144 virtutes
817 3079 956 3144 divinas:
988 3080 1164 3164 dequibus
1191 3101 1271 3162 quaa
1292 3079 1374 3142 anti·

298 3183 405 3266 quitus
427 3177 641 3258 traderentur,
672 3204 707 3244 ea
729 3203 797 3246 enm
820 3185 960 3266 ipsomrn
982 3183 1021 3246 de
1046 3181 1159 3248 sumnsi
1184 3181 1236 3246 dei
1263 3194 1374 3246 natura

299 3297 332 3347 et
358 3285 479 3347 ratione
509 3285 704 3346 eonciliatnri
731 3287 887 3369 sisrsnlqne
909 3309 976 3350 sose
1000 3289 1086 3367 vulgi
1108 3285 1249 3368 opinioni
1272 3288 1371 3367 appli-

299 3387 399 3449 caturi
416 3384 602 3468 ,explicandi
623 3405 720 3466 genus
749 3398 813 3448 tum
841 3389 1041 3467 allegoricum
1067 3410 1161 3474 quaus
1191 3391 1372 3472 etymologi-

299 3509 369 3551 euns
391 3490 437 3551 ita
457 3489 668 3552 adhibuerunt
676 3531 685 3566 ,
710 3500 744 3552 ut
767 3507 864 3570 quum
886 3510 1029 3572 quaeque
1048 3511 1177 3556 mamere
1200 3491 1306 3558 divina
1326 3492 1371 3556 di-

300 3609 463 3654 versornm
492 3589 622 3653 deorum
651 3589 781 3671 propria
810 3610 850 3652 ex
874 3611 937 3654 uno
957 3593 1044 3656 fonte
1066 3612 1264 3674 promanasse
1284 3594 1370 3657 illno-

300 3714 362 3774 qne
384 3691 503 3755 reverti
523 3691 720 3756 artificiosius
742 3713 836 3774 φιιιιιι
858 3695 963 3759 uerius
985 3693 1098 3758 dooere
1118 3696 1296 3774 studerent,
1325 3698 1369 3759 in·

299 3795 392 3872 genio
413 3815 505 3874 saepe
528 3792 616 3854 abusi
638 3793 826 3858 existimandi
846 3797 920 3858 sint.
962 3798 1072 3880 ltaque
1094 3798 1200 3862 Stoico
1221 3820 1273 3864 res
1294 3799 1369 3866 dini-

300 3917 354 3958 nas
385 3899 580 3980 explicatum
609 3909 641 3958 et
669 3918 707 3961 eo
736 3897 861 3980 quidem
890 3900 982 3964 niodo
1012 3903 1244 3984 compendiario
1273 3915 1305 3968 at
1332 3905 1366 3967 nd

298 3997 601 4062 adolescentulorum
622 3999 886 4066 instituendarum
908 4016 1031 4084 captum
1048 4005 1288 4103 aueompnodato,
1309 4029 1366 4089 qno

300 4101 347 4162 uti
367 4101 697 4168 Cornutumnolnisse
719 4105 786 4184 ipsu
808 4107 874 4168 eina
895 4107 978 4170 liber
997 4107 1120 4172 abunde
1142 4110 1365 4186 testatur‚·sin·

300 4204 444 4282 gulosum
467 4202 596 4268 deornm
618 4228 669 4271 res
687 4231 751 4273 noo
773 4211 903 4274 seorsim
925 4212 973 4276 vel
995 4212 1123 4294 eingnlis
1144 4211 1296 4298 capitibus
1318 4233 1365 4276 ert·
