2990 4838
681 337 724 351 ···
789 323 857 365 Xlnll
920 337 964 350 -·

282 479 322 542 sd
344 480 447 542 laert.
468 497 501 556 p.
517 477 597 549 204,
626 494 666 534 ox
689 473 825 535 eiumem
847 466 1090 556 συγγράμματι
1111 467 1188 550 περὶ
1210 469 1278 534 adv
1302 467 1362 550 n'p·

283 584 386 672 χαίων
410 569 614 662 φυσιολόγων
636 587 668 636 et
689 578 763 657 περὶ
786 568 978 659 δογμάτων,
999 570 1083 652 apud
1100 572 1223 650 hlessg.
1242 593 1275 651 p.
1289 575 1364 648 204,

283 705 322 746 eur
344 679 500 742 Aristonis
525 676 595 738 Chii
619 677 748 756 dialogis
777 679 853 760 περὶ
876 678 942 739 τῶν
966 675 1027 742 aod
1050 668 1208 756 Ζήνωνος
1230 671 1362 758 δογμά-

282 808 366 858 των,
396 781 479 864 npud
506 782 609 843 laert.
637 803 666 860 p.
687 783 769 855 203,
800 800 839 840 ex
863 776 1092 856 Apollophanis
1121 789 1152 837 et
1173 777 1364 856 Apollodori

284 890 417 972 φυσικῇ,
435 883 524 966 opud
540 885 645 945 Loert.
661 905 692 963 p.
706 886 778 959 197,
801 903 816 943 e
837 879 997 943 Posidonii
1019 879 1143 963 φυσικῷ
1161 873 1257 964 λόγῳ,
1278 879 1363 960 spud

282 990 386 1052 Laert.
408 1011 439 1069 p.
466 989 537 1050 196.
562 988 639 1064 197,
670 1007 687 1046 e
718 985 840 1046 Boetho
864 985 954 1066 nspi⁴
978 981 1123 1066 φύσεως,
1152 978 1235 1060 apud
1257 979 1363 1043 Laert.

284 1116 315 1174 p.
332 1097 404 1169 199,
424 1113 441 1152 e
458 1088 627 1166 Posidonii,
650 1089 810 1150 Cleanthis
831 1103 862 1150 et
884 1087 1042 1168 Antipatri
1063 1085 1153 1164 Tyrii
1172 1084 1262 1145 libris
1287 1087 1362 1168 περὶ

284 1186 412 1277 κόσμου
432 1191 519 1273 spud
540 1192 646 1253 Lnert.
669 1215 698 1272 p.
722 1193 783 1253 197
806 1204 836 1253 et
861 1194 940 1268 198,
969 1210 985 1250 e
1007 1186 1182 1249 Posidonio
1197 1187 1274 1268 saepi
1300 1212 1364 1270 ne-

283 1290 429 1379 ssoipov,
453 1315 504 1377 sp.
524 1295 630 1357 Lnert.
652 1315 684 1376 p.
702 1297 784 1372 196,
802 1315 843 1357 ex
865 1291 1059 1356 Archedemo
1078 1291 1158 1374 napi
1181 1289 1363 1373 στοιχείων,

283 1399 366 1480 aptrd
389 1399 492 1462 laert.
513 1421 545 1479 p.
565 1402 635 1475 196,
658 1411 715 1460 etc.
790 1439 793 1446 ι

368 1501 460 1577 Quod
488 1515 608 1583 spectat
630 1503 667 1564 od
692 1515 813 1582 partem
841 1499 1071 1578 grammaticam
1094 1509 1125 1556 et
1146 1495 1186 1556 ad
1209 1496 1364 1574 etymolo-

281 1605 365 1682 gias,
395 1605 509 1684 quibus
531 1617 625 1665 scatet
651 1603 783 1664 Cornuti
805 1601 947 1677 libellus,
975 1611 1010 1661 ut
1033 1612 1065 1660 et
1084 1599 1218 1659 eliorum
1241 1597 1364 1658 Stoico·

282 1725 351 1766 rum
375 1724 486 1784 opera,
509 1727 546 1766 en
567 1705 699 1784 sumpsit
723 1726 740 1764 a
762 1705 843 1768 libro
864 1704 1001 1766 Zenonis
1022 1702 1097 1785 napi
1111 1701 1256 1777 Adineos,
1277 1700 1362 1780 epod

280 1807 386 1870 Laert.
410 1828 442 1887 p.
461 1810 545 1885 165,
576 1809 699 1868 alibro
719 1806 890 1888 Chrysippi
919 1807 997 1888 napi
1019 1806 1083 1872 sori
1105 1804 1223 1885 sopior
1244 1807 1361 1890 κεχρῆ-

282 1915 367 1976 σθαι
390 1907 535 1995 Ζήνωνα
560 1923 626 1983 sole
648 1903 827 1993 ὀνόμασιν,
848 1907 931 1988 apud
946 1911 1072 1986 Menag.
1091 1929 1122 1987 p.
1139 1909 1213 1967 204.
1256 1907 1363 1968 Enim·

282 2031 358 2076 vero
383 2012 611 2094 proprietatem
640 2013 808 2075 verborum
837 2011 971 2072 maxime
1000 2012 1182 2089 spectabant
1209 2008 1307 2070 Stoici
1331 2021 1362 2068 et

281 2134 363 2180 novo
388 2118 642 2196 excogitaverant
663 2118 759 2179 verba
773 2114 819 2200 ²¹¹),
851 2112 935 2174 rande
957 2112 1066 2174 Cicero
1087 2114 1178 2174 Tuto.
1200 2113 1231 2172 V
1255 2113 1361 2174 Zeno·

284 2261 411 2270 --—-—-

353 2331 378 2400 ¹)
397 2332 491 2400 [Feres
509 2333 621 2388 omnino
639 2333 785 2388 uerborum
804 2331 843 2385 rel
863 2349 957 2384 recens
979 2329 1103 2388 lictorum
1127 2329 1166 2382 rel
1180 2347 1253 2394 *noro
1272 2338 1298 2380 et
1316 2329 1361 2381 in·

280 2418 376 2474 solenti
394 2439 444 2474 usu
469 2421 603 2478 dictorum
627 2423 719 2478 Stoica
741 2431 827 2488 sech,
855 2441 909 2474 non
930 2420 1011 2474 modo
1031 2419 1123 2474 talium
1142 2435 1211 2488 quse
1229 2414 1262 2468 ad
1278 2414 1361 2470 disei-

280 2507 368 2579 plinse
393 2508 490 2579 placita
514 2523 586 2578 rcpte
611 2512 817 2578 dernenstranda
844 2511 1025 2583 fingerentur,
1054 2509 1099 2562 sed
1125 2507 1206 2560 etiam
1233 2523 1303 2576 quae
1327 2504 1361 2558 sd

280 2594 416 2666 vulgarem
439 2598 545 2654 dicendi
570 2601 792 2660 consuetudinem
819 2599 1000 2673 pertinerent;
1027 2614 1089 2649 nam
1115 2593 1148 2646 ad
1174 2593 1227 2645 hoc
1252 2610 1361 2662 quoque

280 2703 365 2766 genus
383 2683 558 2760 excolendum
575 2689 610 2760 ,³¹²
631 2688 715 2741 altero
733 2689 795 2753 illo,
821 2707 850 2740 es
877 2705 931 2760 quo
956 2683 1037 2736 semel
1055 2681 1118 2736 huic
1134 2679 1219 2734 labori
1239 2698 1294 2732 sese
1314 2679 1361 2732 de-

281 2773 389 2834 derant,
415 2771 499 2825 laciiis
517 2764 566 2826 suit
586 2791 747 2844 progressus.
783 2773 874 2841 Quam
894 2771 1046 2826 Stoicorum
1066 2767 1182 2821 indolem
1203 2778 1310 2838 praeter
1328 2767 1362 2818 li·

280 2852 381 2908 hellum
401 2855 569 2921 siemundo,
595 2853 615 2908 si
635 2874 690 2911 non
710 2857 877 2929 Chrysippo,
904 2857 995 2912 Stoico
1016 2869 1087 2912 certe
1104 2855 1307 2920 vindicandum,
1328 2856 1361 2908 de

280 2961 336 3016 quo
354 2943 405 2998 hnc
423 2943 527 2998 tutione
546 2943 656 2997 disserui
674 2943 757 2998 Beitr.
780 2965 801 2994 a.
825 2943 886 2998 Lin.
910 2945 942 2997 Τ.
960 2944 980 2998 l.
1006 2963 1031 3016 p.
1051 2947 1103 2998 174
1121 2961 1192 3014 seq..
1219 2942 1362 3014 inprimis

279 3032 362 3088 refert
381 3044 407 3086 et
424 3032 514 3105 prodit
530 3030 644 3086 Cornuti
664 3029 840 3103 opusculum,
866 3043 983 3103 utroque
1002 3031 1292 3086 verborumnovorum
1311 3049 1362 3100 ge-

279 3139 344 3184 nere
364 3121 573 3186 tricensimum.
609 3121 651 3182 Ad
670 3121 743 3179 illam
763 3119 883 3186 classem,
901 3137 971 3192 quae
990 3118 1023 3172 ad
1040 3119 1122 3190 ipsius
1135 3119 1239 3174 Stoicae
1257 3117 1361 3172 doetri-

280 3227 330 3260 nne
348 3208 538 3276 expositionem
557 3221 667 3281 spectat,
684 3210 712 3264 in
733 3229 786 3284 qua
805 3207 959 3282 explicanda
975 3206 1139 3260 Villoisonus
1155 3219 1210 3259 tum
1228 3205 1255 3258 in
1267 3205 1360 3260 Theo-

280 3294 350 3366 logia
371 3292 495 3366 physico,
521 3307 578 3348 turn
598 3295 625 3346 in
645 3295 927 3350 Animadversionibtrs
945 3291 1090 3359 allaborat,
1115 3313 1144 3346 ex
1164 3291 1300 3358 Cornuto,
1327 3291 1360 3346 de

282 3401 335 3455 quo
354 3380 397 3434 hic
416 3381 493 3434 nobis
510 3375 567 3434 solo
585 3399 674 3433 sermo
693 3393 743 3448 est,
771 3381 941 3436 referendum
961 3393 999 3435 est
1023 3401 1045 3433 r.
1065 3399 1088 3435 c.
1105 3382 1186 3442 μῶσις
1211 3399 1235 3434 c.
1253 3383 1303 3446 28.
1332 3380 1359 3433 in

281 3487 336 3543 quo
357 3481 493 3540 praetereo
514 3475 672 3532 oropo-stm-
698 3483 723 3525 et
747 3477 884 3534 νομοθέτις
909 3471 1089 3542 reperiuntur.
1126 3469 1203 3522 Adde
1220 3473 1359 3538 isoeponu·

279 3563 340 3612 oras
358 3577 384 3630 p.
397 3561 464 3625 ²193
482 3561 635 3625 dedentium,
654 3581 677 3614 c.
691 3564 733 3614 14.
754 3581 778 3633 p.
791 3563 853 3628 158,
872 3561 918 3616 ttbi
931 3561 1001 3623 rida;
1021 3567 1168 3628 nepotesue,
1186 3577 1256 3635 qnae
1270 3556 1359 3630 Chry·

279 3649 372 3721 eippcn
391 3665 438 3700 vox
457 3645 574 3713 ridetur,
598 3668 620 3702 r.
640 3653 683 3701 22.
701 3667 726 3719 p.
744 3651 810 3712 192,
836 3648 881 3702 ubi
900 3647 965 3700 vide.
1007 3641 1155 3714 'Aip'essse,
1182 3645 1359 3716 etymologiae

281 3756 372 3792 caussa
390 3736 539 3802 intentum,
557 3755 580 3790 c.
592 3739 634 3792 to.
654 3759 680 3810 p.
695 3739 758 3800 tta,
777 3755 830 3796 uns
849 3754 910 3795 cunr
930 3731 1079 3800 ἀπαύστως,
1096 3733 1169 3806 quod
1188 3733 1259 3788 illius
1275 3734 1361 3795 inter-

282 3825 403 3895 pretandi
421 3825 506 3897 gratis
526 3826 655 3879 continuo
673 3821 812 3888 adiicitur3
830 3823 862 3875 de
882 3841 937 3893 quo
956 3841 978 3872 e.
996 3820 1077 3874 Beitr.
1090 3822 1107 3874 l.
1120 3841 1144 3876 c.
1163 3842 1189 3893 p.
1204 3825 1265 3876 235.
1302 3821 1360 3873 Vo-

283 3913 378 3967 cabulo
396 3913 537 3976 ἀπαύστως
555 3928 689 3988 praeterea
708 3933 771 3968 usus
791 3923 829 3966 est
847 3910 1002 3983 Simplicius
1020 3911 1054 3964 ad
1067 3909 1237 3963 Aristotelem
1254 3909 1284 3962 in
1296 3907 1361 3962 Pisi·

203 4013 205 4016 ·
281 3997 405 4070 inlegiosl
423 4001 547 4057 Moesum
566 4004 599 4058 T.
618 4003 648 4054 ll.
667 4019 693 4072 p.
711 4002 773 4055 ttl.
815 3998 909 4053 Simile
927 3997 1144 4070 ἀπαραλλάκτως,
1161 3996 1295 4062 Nemesin,
1313 3996 1360 4050 ubi

282 4085 435 4140 Stoicorum
450 4091 584 4162 quandem
602 4089 759 4145 sententiam
780 4089 869 4155 refert,
887 4096 1053 4158 usurpatum,
1071 4085 1105 4138 de
1119 4096 1172 4138 nat
1182 4087 1254 4138 honr.
1265 4089 1361 4156 pm.

283 4177 350 4229 stt:
369 4193 423 4244 qno
442 4175 571 4230 vocabulo
589 4177 675 4232 adhuc
693 4177 785 4232 Lesics
804 4186 893 4231 nostra
916 4185 1015 4228 curent.
1050 4173 1138 4226 Nosse
1157 4183 1293 4244 praeterea
1313 4191 1361 4227 ro·
