2972 4836
523 377 567 392 ····
623 364 711 408 usu
765 377 808 394 -·

124 511 219 595 sipiat
238 512 319 576 alius
332 511 365 574 in
380 511 521 575 Persium
537 513 672 580 Cornuti
687 514 806 578 nomini
821 511 996 595 adscriptus
1010 509 1052 598 (v.
1065 535 1098 594 p.
1107 513 1206 597 cxvi),

124 617 205 678 idem
228 617 272 678 sit
294 637 364 678 cum
387 637 441 694 ao,
463 618 519 701 qui
541 618 573 678 in
595 619 665 682 aliis
687 619 918 700 exemplaribus
940 615 1083 679 Cornuto
1102 614 1207 679 vincli·
1273 622 1276 628 '

124 731 220 794 estur,
245 719 280 780 iu
301 719 513 783 laurentiano
535 719 670 804 quodam
695 722 770 784 baec
792 722 825 782 in
847 722 952 806 [sonte
975 719 1112 780 ferente:
1134 722 1206 782 Cos-

124 831 182 884 mo'
198 828 337 903 apostata
355 845 440 905 asper
459 835 516 886 toto
532 826 601 886 lr’lra
619 827 757 888 lammis
777 819 1010 906 (u.p.cxv111);
1032 821 1114 882 bunc
1128 841 1205 884 saro

124 924 382 986 commentarium
403 925 597 1004 temporibus
615 924 722 986 Caroli
739 923 829 988 Calui
841 925 1019 987 conlectum
1038 941 1114 1000 essa,
1136 923 1206 984 lab·

124 1025 193 1088 oius
217 1049 249 1106 p.
269 1047 378 1088 cxxsu
402 1027 507 1105 colligi
529 1039 615 1088 certo
636 1027 682 1090 ait
702 1049 743 1090 ex
764 1027 882 1090 scholio
904 1025 970 1088 eiua
992 1023 1208 1088 commentarii

123 1127 161 1190 asi
183 1129 242 1206 lx,
257 1131 312 1206 37,
333 1148 398 1209 quo
419 1141 529 1190 auctor
546 1129 666 1191 Hier-ici
687 1129 818 1192 alicuius
830 1127 870 1213 *),
892 1148 956 1211 quu
971 1129 1119 1208 magistro
1134 1147 1207 1190 usus

122 1230 171 1304 sit,
233 1231 427 1292 mentionem
449 1231 578 1307 inliciat,
600 1251 694 1313 quam
711 1232 790 1294 nihil
809 1234 912 1295 obstat
929 1249 994 1313 quo
1010 1231 1112 1295 minua
1131 1251 1208 1292 sun·

125 1331 197 1394 clem
224 1343 372 1414 putemus
399 1353 466 1396 essa
494 1355 564 1396 cum
591 1336 744 1396 monacho
770 1333 907 1418 quodam
927 1333 991 1396 illis
1014 1333 1209 1415 temporibus
1237 1375 1242 1382 -

126 1437 271 1514 visente',
293 1437 400 1499 Herios
422 1439 473 1500 uel
494 1439 609 1502 Hein'cc
630 1440 807 1520 appallsto;
832 1437 883 1500 cui
904 1449 1088 1516 argumento
1109 1457 1207 1518 porro

125 1541 232 1602 lasere
248 1539 294 1617 (u.
305 1538 479 1624 p.cxxv11),
493 1540 579 1622 quod
594 1540 752 1604 Cornutus
766 1541 852 1604 illius
868 1539 1084 1602 commentarii
1098 1552 1208 1602 auctor

126 1641 166 1703 asl
185 1643 237 1718 lll,
261 1644 304 1704 33
331 1641 575 1704 recentissimum
602 1663 636 1706 se
658 1655 759 1705 astate
786 1654 817 1704 et
841 1641 1053 1706 Christianum
1079 1640 1207 1725 quidem

127 1741 254 1825 prodat.
296 1745 354 1805 llis
381 1763 441 1824 pro
467 1756 553 1806 cartu
575 1744 686 1825 pusilis
708 1742 905 1808 concluditur
930 1766 961 1824 p.
983 1765 1095 1822 cxxxi,
1125 1764 1208 1807 eom·

127 1846 297 1908 mentarius
320 1857 351 1906 et
377 1846 410 1908 io
436 1846 614 1908 Iuvenalem
637 1857 669 1908 st
695 1845 728 1908 in
757 1847 897 1910 Persium
926 1847 1077 1927 scriptos,
1109 1867 1208 1929 quum

128 1949 311 2029 praesertim
329 1950 456 2014 illorum
474 1949 508 2011 lsi
523 1947 629 2010 indole
646 1967 709 2010 non
723 1948 890 2010 dissimiles
905 1948 980 2025 aiot,
1000 1968 1121 2010 summa
1136 1969 1206 2010 cum

129 2051 274 2114 veritatis
295 2051 396 2132 specis
418 2049 457 2112 ad
479 2048 612 2113 eundem
629 2048 803 2112 Cornutum
825 2049 1007 2114 referendos
1027 2071 1103 2112 csse.
1146 2049 1209 2112 Seu

128 2155 232 2216 omnia
263 2155 341 2216 baec
370 2151 499 2216 calidius
527 2153 559 2214 in
592 2171 658 2214 rem
690 2149 883 2231 probandum
913 2163 1006 2234 atquc
1038 2150 1208 2234 speciosius

127 2255 287 2337 dispessis
308 2254 387 2316 milri
407 2253 534 2337 quidem
558 2252 715 2316 sidentur.
759 2254 803 2316 Ut
826 2255 963 2336 primum
984 2274 1049 2318 non
1072 2275 1208 2334 urgeam,

127 2381 167 2420 an
187 2380 301 2422 resera
323 2357 491 2420 monachus
514 2357 568 2418 ille
591 2355 798 2436 significetur,
830 2360 871 2420 ob
893 2355 1048 2422 diversum
1072 2357 1208 2420 nominis

126 2463 259 2524 formans
281 2460 420 2524 dubitari
440 2477 546 2540 posses
569 2460 696 2538 gravius
717 2471 780 2538 est,
802 2459 898 2522 immo
920 2461 1154 2540 gravissimum,
1176 2472 1208 2522 st

127 2565 246 2645 inquo
271 2565 367 2626 totius
387 2561 663 2642 argumentationis
685 2561 778 2624 cardo
803 2555 957 2640 lenitur,
986 2584 1102 2626 numne
1124 2583 1208 2626 cosu-

125 2667 299 2730 mcntarius
323 2665 379 2728 illa
401 2666 436 2726 in
462 2665 642 2728 quenalem
667 2683 779 2744 reapse
802 2662 944 2728 Cornuto
971 2665 1092 2728 cuidam
1120 2666 1208 2728 adiu-

127 2768 278 2832 dicandos
300 2769 358 2846 ait,
388 2766 420 2831 id
447 2765 531 2851 quod
559 2777 648 2828 extra
670 2784 794 2828 omnem
819 2764 1046 2830 dubitationem
1069 2769 1207 2847 positum

128 2893 213 2950 csse,
244 2872 370 2934 Iahnius
391 2872 452 2935 sibi
479 2869 645 2953 persuasit.
695 2867 788 2946 Quod
809 2882 843 2930 ut
866 2891 974 2934 serum
995 2870 1208 2932 existimemus

128 2986 253 3036 tantum
273 2977 377 3051 abest,
399 2987 450 3051 ut,
479 2995 513 3036 rc
536 2972 716 3052 diligentius
739 2974 918 3052 explorata,
944 2975 1038 3052 longa
1059 2973 1121 3034 alia
1142 2973 1209 3035 eius

128 3077 344 3139 commentarii
356 3075 437 3138 ratio
451 3075 546 3138 luisse
559 3072 712 3150 videatur,
728 3093 791 3154 qua
806 3094 841 3136 ea
856 3074 924 3153 ipso
934 3073 1099 3147 sententis,
1114 3091 1209 3154 quous

130 3191 204 3258 post
220 3179 298 3240 alios
310 3197 366 3240 nos
381 3195 508 3260 quoque
523 3175 689 3238 tenendam
702 3174 848 3252 diximus,
869 3174 990 3253 egregie
1005 3185 1209 3236 sustentatur.

131 3280 237 3356 Quum
261 3281 342 3342 anim
363 3280 501 3357 singulae
525 3288 645 3340 tantum
668 3278 804 3340 Cornuti
824 3277 952 3340 alicuius
975 3278 1210 3340 observationes

130 3386 263 3466 sparsim
294 3383 325 3444 iu
356 3383 579 3444 commentario
608 3381 796 3459 afferantur,
828 3393 980 3464 quantum
1010 3379 1139 3464 quidem
1168 3401 1210 3442 ex

132 3485 354 3568 speciminibus
383 3485 573 3546 schoIIorum
594 3504 612 3544 a
633 3483 740 3546 lahoio
763 3485 910 3548 exhibitis
933 3484 1109 3564 colligitur,
1138 3503 1211 3563 per·

129 3593 246 3654 mirum
276 3600 324 3650 cst
352 3587 492 3650 lchuium
521 3607 583 3649 non
608 3586 881 3665 aninradsertisse,
911 3587 1019 3650 labam
1049 3607 1114 3649 esse
1143 3586 1210 3648 sius

130 3694 380 3773 inscriptionem,
397 3687 652 3773 quandoquidem
669 3691 783 3768 omnia,
801 3711 882 3774 quae
897 3688 1122 3753 commentario
1137 3707 1211 3748 con·

130 3798 307 3873 tineastur,
327 3793 366 3856 ad
387 3792 562 3855 Cornutum
586 3789 751 3854 celeranda
772 3813 839 3856 esse
861 3813 897 3854 ea
918 3791 1091 3864 indicetur,
1113 3788 1209 3849 immo

204 4029 228 4099 ⁰)
247 4030 336 4084 Verba
360 4041 435 4085 sunt:
466 4033 542 4084 Ursus
563 4046 613 4100 pes
632 4028 707 4080 deest
733 4025 822 4078 versui
841 4027 956 4088 Gracco,
980 4039 1058 4095 qussu
1079 4023 1209 4094 magister

132 4119 259 4174 llisricos
276 4122 343 4174 scira
362 4139 415 4176 uon
430 4119 531 4192 potuit.
569 4117 606 4172 lta
624 4115 689 4172 eod.
708 4113 789 4168 Paris.
808 4123 835 4168 et
852 4111 931 4168 Laur.
948 4123 975 4168 st
993 4111 1088 4180 Beru.;
1107 4111 1134 4166 in
1156 4109 1209 4168 boc

131 4217 222 4262 tamen
245 4207 356 4262 llircus.
