2972 4836
701 391 742 403 -·
791 373 894 418 xhvltt
936 389 980 400 ·-

296 529 403 592 uicem
431 537 463 588 et
490 523 679 603 theologiam
708 523 943 605 perdiscendam
963 519 1313 602 seoimphttmopth,
1349 529 1402 580 ut

295 632 362 692 sine
384 650 420 691 ea
441 641 546 710 patres
567 626 765 688 ecclesiastici
786 649 844 690 nec
864 626 1008 705 intelligi,
1029 626 1125 685 immo
1141 633 1205 685 non
1220 624 1295 684 satie
1310 634 1399 684 tuto

295 731 357 811 legi
373 745 499 815 queant,
522 730 683 806 uicissim,
705 749 784 813 quos
805 747 928 792 errores
947 731 1042 806 vulgo
1061 733 1204 808 receptos
1217 725 1400 804 impugna·

295 831 415 911 verint,
436 853 515 916 quos
534 832 596 914 ipsi
616 830 799 895 admiserint
821 845 852 893 et
868 833 1075 908 retinuerint,
1098 829 1220 890 ethnica
1241 828 1397 908 philoso-

294 937 371 1017 phia
389 935 517 1014 seducti,
539 954 632 1016 quarn
655 933 744 1013 prius
766 935 923 1014 complexi
942 935 1067 994 luerent
1085 952 1227 1015 quaeque
1244 942 1292 992 tot
1307 932 1397 992 hae-

294 1039 412 1100 resium
435 1039 479 1100 ite
501 1035 591 1115 origo
612 1035 673 1096 fuit
695 1049 726 1096 et
748 1037 817 1097 lons
837 1037 986 1116 perennis
1006 1048 1072 1113 eet,
1096 1036 1182 1097 estius
1202 1033 1297 1098 solius
1317 1051 1394 1113 ope

296 1152 440 1204 veterum
460 1138 689 1200 haereticorum
711 1137 842 1219 placita,
870 1138 904 1201 id
926 1151 973 1202 est
994 1138 1209 1200 difficillimam
1231 1135 1393 1197 historiae

297 1243 520 1305 ecclesiasticae
550 1251 673 1322 partem
703 1259 887 1318 cognoscere
918 1261 1046 1324 queam·
1076 1242 1224 1304 Sanctum
1254 1259 1393 1322 quoque

298 1345 429 1406 Paulum
462 1345 569 1406 multis
601 1345 634 1405 in
667 1343 744 1404 locis
774 1333 927 1406 illustret·
944 1358 976 1405 et
1007 1343 1157 1406 dilucidat
1188 1343 1391 1406 Stoicismus.

297 1447 467 1509 Salmasius
496 1447 571 1508 Not.
599 1446 634 1508 in
662 1446 796 1526 Epictet.
826 1462 856 1509 et
887 1446 1029 1527 Simplic.
1056 1467 1088 1527 p.
1109 1450 1183 1508 119.
1210 1445 1260 1507 ed.
1280 1443 1391 1524 Lugd.

297 1549 369 1611 Bet.
390 1551 466 1612 haec
487 1548 596 1610 hahet:
624 1549 776 1624 „Paulum
799 1549 892 1610 lesisse
914 1561 996 1611 secte
1013 1549 1228 1625 Pharisaeum,
1250 1567 1290 1609 ex
1310 1549 1390 1628 ipso

297 1653 420 1714 scimus.
463 1649 646 1714 Pharisaeos
664 1661 767 1711 autem
787 1669 856 1712 curn
879 1652 992 1714 Stoicis
1014 1651 1116 1734 quoad
1139 1651 1319 1732 opinionem
1341 1650 1388 1712 de

296 1757 437 1817 moribus
456 1754 489 1816 in
511 1753 656 1834 plurimis
674 1753 864 1832 convenisse,
885 1755 1036 1834 Iosephus
1054 1766 1197 1818 testatur.
1241 1755 1388 1816 hisxime

297 1857 376 1918 illud
398 1857 554 1934 Stoicum,
575 1854 661 1937 qued
683 1853 716 1916 in
738 1855 855 1942 sepeliet
875 1851 1033 1924 desistatur
1054 1859 1179 1934 statuit,
1201 1869 1231 1918 et
1253 1870 1386 1938 peccota

295 1961 519 2044 passionesque
541 1959 638 2020 enimi
658 1957 742 2020 hand
767 1958 833 2020 sine
856 1959 986 2042 διανοίᾳ
1011 1957 1080 2020 fieri
1102 1971 1222 2035 censet,
1250 1961 1309 2020 hoc
1331 1973 1385 2022 est

296 2063 431 2148 apion?
482 2063 693 2145 Hieronymus
714 2063 850 2125 Stoicam
874 2061 1069 2143 disciplinans
1091 2061 1280 2124 simillimam
1302 2059 1385 2122 dicit

297 2167 492 2227 Christianae
515 2167 669 2243 religioni.
713 2167 755 2226 V.
778 2178 810 2226 et
831 2167 983 2228 Bruclser.
1005 2167 1042 2225 T.
1060 2166 1083 2225 l.
1109 2186 1140 2243 p.
1163 2167 1221 2241 96,
1252 2164 1305 2224 ubi
1327 2185 1383 2226 so·

296 2265 462 2328 lidioribus
479 2268 662 2346 comprobat
677 2268 876 2345 argumentis,
898 2266 991 2328 sacris
1010 2267 1124 2327 litteris
1142 2267 1242 2328 locem
1260 2267 1381 2328 inlerre

296 2369 472 2433 Stoicorum
490 2367 671 2447 dogmatum
690 2367 898 2446 cognitionem
907 2366 947 2452 *).
989 2365 1076 2428 Idem
1092 2377 1125 2428 et
1140 2385 1292 2432 summum
1311 2372 1381 2432 eius

366 2619 390 2689 ')
410 2617 472 2690 [llic
495 2621 584 2674 insero
608 2621 808 2676 adnotationem
827 2617 968 2674 Villoisoni
988 2615 1040 2674 loci
1066 2617 1173 2691 quidem
1196 2621 1305 2688 incerti,
1331 2623 1379 2674 sed

295 2709 324 2762 in
343 2707 383 2762 his
400 2707 659 2781 Prolegomenorum
677 2709 780 2763 schedis
805 2721 950 2781 repertam:
978 2707 1142 2776 „Eusebius,
1169 2721 1232 2762 leste
1250 2709 1378 2764 Fabricio

295 2811 323 2866 p.
340 2797 393 2850 998
412 2807 438 2850 et
457 2799 523 2863 399,
549 2796 697 2869 Origenem
717 2815 732 2850 e
751 2795 865 2851 Cornuti
888 2795 992 2867 scriptis
1017 2795 1188 2866 allegoricam
1212 2795 1377 2868 theologiam

293 2880 426 2936 ethnicam
445 2883 637 2958 interpretandi
649 2885 760 2939 modum
779 2885 900 2939 didicisse
918 2882 1097 2957 ePorphyrio
1111 2883 1223 2938 scribit·
1244 2883 1291 2938 stc
1306 2884 1378 2940 Gale

294 2967 384 3023 Praei.
410 2969 474 3024 dicit
499 2971 629 3039 Cornuti,
659 2992 739 3046 quens
765 2973 842 3026 toties
866 2971 1033 3045 Porphyrius
1059 2972 1149 3027 laudat
1174 2971 1376 3042 μεταληπτικόν,

294 3058 428 3112 smihendi
447 3059 558 3116 modum
576 3059 725 3132 Origenem
744 3071 771 3115 et
788 3060 916 3116 Proclum
939 3061 1054 3114 imitatos
1076 3079 1139 3114 esse.
1183 3059 1235 3116 lac.
1255 3061 1375 3118 Thoma-

294 3147 348 3200 sius
365 3147 434 3202 Dias.
454 3151 504 3214 19,
530 3149 778 3220 qnaeinscribitur
802 3147 954 3221 „Origenes
978 3147 1067 3220 aliqua
1092 3168 1121 3202 es
1146 3160 1221 3220 parte
1245 3148 1372 3220 Stoicus”,

293 3233 331 3288 sic
356 3232 436 3288 habet
460 3253 487 3304 p.
504 3239 570 3290 24⁰:
596 3235 655 3292 linc
680 3221 805 3308 equidem
831 3248 947 3302 constat,
973 3234 1121 3308 Origenem
1140 3236 1278 3292 Pantacno
1296 3259 1371 3296 usum

295 3339 350 3374 csse
373 3331 547 3392 praeceptore
571 3331 657 3376 seclae
676 3323 783 3377 Stoicae
807 3324 980 3378 scientissimo
1004 3323 1118 3393 (liallois
1136 3325 1167 3378 L.
1186 3325 1205 3378 l.
1225 3324 1302 3396 Orig.
1320 3327 1370 3382 dei.

293 3427 315 3462 c.
334 3411 360 3460 1.
378 3408 397 3462 s.
411 3408 457 3477 5),
481 3427 560 3472 usum
579 3428 688 3481 quoque
706 3411 887 3466 voluminibus
904 3409 1095 3466 Chaeremonis
1113 3410 1196 3466 Stoici
1215 3424 1241 3467 et
1260 3411 1370 3468 Cornuti

293 3494 417 3566 (Niceph.
436 3497 510 3563 lllll,
529 3500 545 3550 5
564 3515 580 3550 e
597 3497 778 3569 Porphyris),
796 3519 847 3571 pro
868 3499 979 3571 quibus,
999 3511 1029 3552 ut
1046 3499 1133 3554 obiter
1149 3519 1290 3568 moneam,
1310 3521 1369 3572 per-

295 3601 386 3655 peram
405 3584 482 3640 Zeno
495 3595 523 3637 et
540 3583 683 3640 Cerinthns
701 3598 887 3642 memorantur
902 3588 975 3660 apud
992 3588 1160 3658 iiaymonem
1178 3587 1210 3642 C.
1229 3607 1295 3642 sacr.
1314 3587 1369 3642 hist.

295 3669 331 3722 ΙΙΙ
348 3672 388 3742 (p.
403 3674 456 3725 194
476 3670 517 3726 ed.
535 3668 632 3726 Colon.
649 3692 672 3725 a.
692 3676 762 3728 1699
785 3685 811 3728 et
828 3695 854 3746 p.
870 3678 922 3729 119
941 3675 982 3728 ed.
999 3675 1123 3748 Lugdun.
1140 3695 1164 3730 a.
1181 3679 1252 3732 1659
1271 3695 1300 3730 er
1318 3695 1367 3732 ren

295 3758 461 3828 Boshernii).
497 3757 599 3814 Contra
624 3759 762 3816 Fabricius
785 3759 816 3814 T.
835 3761 868 3815 ll.
893 3781 919 3832 p.
938 3763 1004 3816 54⁰:
1034 3761 1151 3828 „Utrum
1177 3782 1239 3816 vero
1263 3763 1296 3816 ab
1320 3761 1368 3816 hnc

297 3845 420 3902 Cornuto
442 3845 585 3918 allegoriae
608 3845 763 3904 methodum
787 3849 919 3919 acceperit
943 3848 1093 3917 Cornutus,
1117 3860 1146 3904 nt
1170 3851 1254 3907 risum
1276 3849 1367 3918 Galen,

296 3935 343 4006 qui
363 3936 389 3990 io
409 3953 441 3990 eo
464 3945 637 4008 praeeuntem
654 3933 732 3988 habet
749 3933 894 3989 Eusebium
911 3935 976 3990 ilist.
996 3936 1059 3992 eccl.
1078 3935 1096 3990 l.
1111 3957 1151 4004 c..
1176 3938 1304 3994 iudicium
1321 3939 1367 3994 erit

295 4040 378 4092 penes
395 4042 449 4089 ens,
468 4025 515 4097 qui
532 4025 561 4080 in
578 4023 702 4095 Aegypto
720 4021 766 4076 diu
786 4033 848 4078 ante
866 4021 1018 4080 Cornutum
1035 4023 1106 4080 hanc
1123 4024 1277 4081 methodum
1296 4025 1366 4080 insa·

296 4107 381 4174 luisse,
402 4107 575 4166 Alexandriae
593 4122 680 4167 autem
699 4109 846 4168 litterarum
860 4111 954 4166 studiis
968 4113 1127 4172 innutrittun
1143 4131 1198 4168 esse
1212 4112 1363 4186 Origenem,

295 4197 413 4267 cogitare
425 4196 542 4252 volunt?
576 4198 754 4270 Hieronymus
768 4197 850 4270 Epist.
862 4197 897 4257 ad
910 4197 1043 4272 Magnam
1059 4201 1092 4258 T.
1104 4203 1150 4258 Vl.
1164 4221 1191 4274 p.
1201 4205 1268 4258 ott:
1288 4205 1363 4256 Hune
