2818 4860
491 344 726 407 -4'53—

58 513 149 576 idem
172 509 410 594 Bructerus1):
440 497 545 588 „deue,
568 511 628 574 etsi
649 531 762 593 corpus
786 525 841 590 est,
864 525 910 574 est
933 526 1035 574 tamen
1058 512 1150 594 spiri·

58 629 128 678 tus.
171 617 272 676 Probe
294 617 370 676 baec
390 613 527 677 notanda
549 625 631 691 sunt,
656 635 695 676 ne
717 637 735 676 a
756 613 878 694 Stoicis,
903 627 1002 677 totam
1024 614 1147 676 dicendi
1215 635 1229 645 ·

58 719 220 779 rationem
240 701 436 798 pbilosophis
455 731 610 798 receptam
629 720 821 780 mutantibus
844 735 1003 796 novasque
1023 717 1149 778 vocibus

60 821 304 900 significationes
321 817 537 881 inducentibus
559 819 766 900 decipiemur;
788 819 819 880 id
840 817 924 901 quod
945 817 1008 879 illie
1027 817 1150 895 accidit,

62 925 123 1005 qui
152 929 263 1004 apri-itus
291 925 483 985 immaterialis
511 920 723 1001 appellatione
750 919 885 996 seducti,
914 919 1035 982 Stoicos
1056 918 1149 981 deum

61 1023 160 1108 (adde
181 1024 332 1110 animum)
355 1047 459 1088 rerum
488 1043 711 1104 corporearum
739 1041 870 1083 numero
901 1025 1050 1084 exemisse
1079 1040 1150 1083 cen·

62 1127 226 1188 suerunt.”
275 1127 326 1190 Sic
356 1127 388 1190 8.
417 1130 592 1204 Irenaeus,
613 1125 668 1208 qui
699 1124 833 1184 animam
855 1128 966 1208 flatum
994 1147 1053 1188 esse
1078 1133 1151 1188 ritae
1179 1155 1192 1174 ι

62 1226 237 1314 (πνεῦμα)
261 1228 400 1308 dixerat,
431 1231 506 1290 baec
526 1227 629 1292 Stoice
651 1245 780 1307 prorsus
802 1226 1006 1311 observat⁹):
1037 1230 1089 1289 scd
1107 1233 1150 1289 ἰη-
1260 1225 1262 1231 ’

64 1337 228 1410 corporales
256 1340 386 1410 animae,
416 1345 552 1416 quomam
574 1335 617 1394 ad
637 1335 875 1412 comparationem
901 1333 1061 1392 monadum
1085 1351 1149 1391 cor·

61 1457 177 1515 purum.
231 1433 395 1496 Cassianus
408 1433 453 1518 5):
483 1439 560 1498 D‘cet
589 1441 660 1497 euim
683 1439 897 1516 pronunciemus
922 1434 1066 1495 nonnullus
1090 1451 1151 1492 esse

64 1537 206 1616 spiritales
225 1549 360 1612 naturae,
382 1550 412 1598 ut
432 1551 496 1600 suut
518 1538 630 1615 Aegeu,
651 1539 837 1614 Archangeli,
857 1549 1042 1618 caeteraeque
1064 1539 1149 1596 uirtu-

60 1649 112 1713 tes,
134 1644 197 1719 ipso
218 1661 328 1721 quoque
348 1645 445 1701 arcican
465 1653 571 1715 nostro,
594 1641 637 1700 ret
655 1651 728 1700 certe
743 1661 795 1721 per
814 1659 845 1699 se
865 1638 934 1722 (alii
950 1657 1019 1698 cum
1033 1633 1149 1698 Fausto

62 1737 212 1816 Regiensi
233 1741 340 1818 legunt
362 1749 414 1804 ac'r
434 1740 497 1822 istc)
523 1745 644 1817 subuiis,
669 1753 765 1802 tumen
789 1748 969 1823 incorporeos
993 1741 1150 1800 nuliatenus

62 1844 245 1902 aestimanda
276 1839 344 1923 (aiii
374 1865 443 1905 cum
473 1844 588 1904 Fausto
619 1840 765 1918 Regiensi
794 1843 902 1920 legunt
933 1835 1149 1919 mainardus)

63 1955 138 2004 sunt.
182 1946 297 2005 Habent
313 1954 383 2005 enim
398 1947 550 2006 secundum
569 1965 598 2004 se
613 1965 715 2024 comus
733 1965 788 2026 qao
809 1946 967 2020 subsistunt,
988 1945 1049 2002 licet
1065 1941 1150 2002 multo
1222 1945 1231 1963 ⁸

63 2050 183 2122 lenicius,
206 2067 292 2127 quom
315 2043 416 2128 aus4).
458 2048 537 2109 Num
558 2059 622 2106 sunt
643 2066 765 2126 corporo
780 2047 932 2106 secuudum
946 2045 1074 2127 Aperuit
1087 2063 1150 2104 sca·

63 2153 180 2211 terciam
202 2153 243 2210 ito
264 2151 394 2210 discutis:
424 2151 462 2210 Et
483 2169 604 2230 corporo
626 2149 770 2222 corintio,
799 2159 825 2209 ci
845 2153 997 2210 terrestria.
1043 2147 1079 2208 Es
1099 2149 1149 2206 ite·

63 2275 144 2327 rum,
166 2245 441 2333 seminatur‘curpus
462 2253 599 2327 ummole,
622 2255 734 2326 exurgit
755 2271 855 2330 corpus
873 2253 1006 2331 spiritale.
1049 2245 1149 2322 Quem

64 2353 193 2436 quidem
220 2353 359 2416 Cassiani
387 2355 490 2414 locum
517 2353 639 2432 profert
661 2351 793 2412 Faustus
819 2349 979 2430 Regiensis
994 2348 1021 2433 ⁵)
1048 2349 1081 2408 in
1110 2343 1149 2406 li-

64 2458 133 2533 bro,
154 2456 209 2538 qui
229 2455 411 2517 inscribitur
431 2455 502 2531 „De
525 2455 683 2532 creaturis,
710 2455 795 2536 quod
817 2455 880 2516 iilis
902 2450 1081 2532 incorporei
1101 2449 1149 2508 ni·

65 2557 112 2617 itii
134 2557 235 2634 insit”,
265 2557 319 2617 ubi
341 2558 416 2616 baec
441 2577 457 2616 e
479 2557 511 2618 8.
533 2557 728 2638 Hieronymo
750 2557 894 2620 adducit:
925 2562 952 2616 si
973 2555 1069 2632 angeli
1085 2571 1148 2612 coe·

65 2664 145 2721 tertio
166 2666 250 2721 etiam
271 2679 392 2741 corporo
413 2660 456 2718 ad
476 2667 714 2739 conparationem
736 2661 785 2720 dei
802 2660 949 2720 immundo
969 2677 1026 2717 esse
1049 2655 1149 2715 dicuu-

64 2777 130 2836 tur,
152 2765 235 2845 qud,
260 2773 363 2844 putas,
392 2763 473 2820 burna
495 2763 686 2821 aestimandus
708 2765 770 2822 est?
813 2759 931 2821 Contra
953 2775 1045 2840 quem
1068 2754 1148 2816 Fau·

66 2876 148 2925 stum
169 2863 353 2941 Regiensem
380 2859 569 2922 Claudianus
595 2862 787 2939 Mamercus,
815 2861 966 2923 Mamerci
987 2859 1151 2919 Viennen-

67 2965 145 3026 sium
163 2963 282 3026 Galliae
300 2964 446 3043 Episcopi
469 2963 575 3057 irater,
598 2975 661 3025 tres
684 2960 722 3024 de
746 2964 926 3043 incorporei
947 2959 1044 3021 animi
1064 2967 1148 3017 statu

66 3068 165 3128 libros
193 3064 391 3143 conscripsit,
424 3065 479 3146 qui
511 3064 543 3124 in
575 3077 664 3126 sexto
686 3066 899 3130 Bibliothecae
927 3073 1067 3126 veterum
1090 3058 1148 3117 Pa·

70 3183 153 3227 trum
182 3179 268 3226 tomo
296 3167 459 3228 habentur.
513 3166 592 3230 Cum
622 3169 765 3244 Irenaeo,
796 3165 943 3228 Cassiano
974 3176 1004 3224 et
1032 3161 1147 3223 Fausto

69 3269 212 3348 liegiensi
245 3279 413 3328 consonant
443 3269 581 3332 Hilarius
595 3267 623 3354 ⁶)
652 3283 683 3332 et
705 3269 894 3348 ,Ambrosius
907 3267 935 3352 ⁷)
965 3279 995 3328 et
1025 3264 1145 3326 Genna-

137 3571 167 3638 t)
185 3571 264 3625 Tom.
282 3570 302 3622 Ι.
319 3591 346 3643 p.
368 3573 429 3627 ste.
634 3575 666 3644 2)
682 3576 740 3629 Lib.
757 3577 788 3628 V.
807 3595 830 3630 c.
848 3579 875 3629 i.
892 3593 918 3646 p.
936 3575 998 3630 380.

137 3660 167 3726 3)
185 3658 281 3713 Coliat.
298 3661 357 3713 vtt.
375 3679 398 3714 c.
411 3662 454 3714 13.
474 3679 501 3731 p.
512 3663 566 3714 439
584 3661 626 3716 ed.
639 3663 722 3718 Arcas
739 3667 816 3718 1128.
835 3665 872 3734 [p.
884 3665 937 3717 311
956 3662 998 3713 ed.
1011 3654 1147 3720 Francofi]

137 3745 168 3812 4)
187 3745 233 3800 Sic
259 3746 373 3801 Velleius
394 3748 541 3818 Epicureus
564 3749 635 3820 apud
660 3750 819 3805 Ciceronem
844 3753 877 3804 de
895 3750 928 3802 N·
947 3747 980 3799 D·
1000 3745 1020 3809 ¹2
1037 3745 1081 3794 ¹9·
1107 3740 1148 3792 ¹⁰·

69 3851 152 3902 quem
169 3833 203 3886 de
221 3833 308 3886 forma
327 3845 372 3886 aut
390 3834 477 3905 specie
496 3833 621 3887 deorum:
649 3847 802 3890 scertamen
820 3857 852 3888 ea
871 3835 968 3906 species
987 3845 1082 3898 corpus
1098 3833 1147 3890 etis

68 3919 113 3976 aed
130 3920 208 3990 quusi
225 3937 331 3988 corpus.

138 4007 168 4074 5)
184 4005 217 4059 T.
229 4009 276 4058 vt.
296 4027 320 4076 p.
330 4009 408 4060 tots.
428 4007 585 4062 Btutiotbec.
604 4019 722 4062 veterum
738 4009 859 4074 Patruus,
878 4005 919 4059 ed.
932 3999 1057 4075 Lugduni
1070 3999 1146 4054 toti.

138 4093 168 4160 ii)
189 4093 228 4145 Ad
247 4091 411 4146 Malibacum
429 4113 457 4164 p.
476 4099 527 4150 833
547 4096 588 4149 ed.
607 4095 689 4150 Paris.
708 4097 789 4149 1693.

137 4181 168 4251 i)
185 4182 228 4235 De
246 4180 399 4235 Abrahamo
416 4182 449 4249 lt,
469 4187 495 4237 8.
514 4203 541 4237 n.
559 4185 602 4238 ts,
619 4183 651 4235 T.
670 4185 689 4237 i.
709 4201 735 4253 p.
751 4185 810 4238 338
823 4181 864 4234 ει).
883 4178 1017 4234 Benedici.
