2774 4840
426 346 663 410 -tos—

22 514 91 598 pud
112 512 341 578 Tertullianum
356 509 402 597 ¹)t
420 525 484 596 past
505 525 622 576 martem
642 517 736 574 omnia
747 511 898 594 finiantur,
915 516 1000 574 etism
1013 517 1085 592 ipsa.

22 615 188 702 =enece²>=
220 621 301 680 Mars
328 622 450 678 omnium
477 617 605 678 dolorum
631 627 658 678 et
677 617 774 676 solutio
795 627 835 676 est
856 627 883 678 et
898 615 982 694 finis.-
1012 617 1088 676 ultra

22 745 95 786 uam
118 725 198 786 mala
219 734 316 783 nostra
336 743 390 784 non
411 733 520 796 marra,
543 742 617 803 quae
637 734 686 780 nos
705 724 733 780 in
755 721 831 782 illam
851 719 1090 800 tranquillitatem,

22 851 32 887 s
57 849 129 910 qua,
154 837 308 906 antequam
327 843 517 897 nasceremur,
543 826 691 896 satuimus,
710 828 827 902 reponit.
867 825 902 884 Si
919 833 1090 884 mortuorum

22 933 112 1012 liquis
130 934 283 1002 miseretur,
305 938 331 987 et
350 948 404 986 nan
422 937 553 986 natorum
574 928 759 986 misereatur!
801 923 853 986 Sic
875 921 984 984 Cicero
1009 921 1092 984 ioco·

23 1049 63 1092 ur
80 1028 125 1109 ³):
160 1032 207 1092 lta
227 1035 279 1111 qui
298 1029 421 1090 nondum
442 1032 506 1088 nati
522 1038 602 1099 sunt,
634 1030 729 1088 miseri
751 1031 810 1088 iam
836 1039 899 1090 narrt
905 1069 915 1104 ,
946 1032 1015 1110 quia
1040 1047 1094 1088 non

22 1145 93 1194 unt:
119 1145 146 1194 ei
166 1153 216 1194 nas
235 1135 296 1212 ipri,
316 1136 422 1212 sipost
443 1140 559 1190 moriem
582 1132 677 1188 miseri
684 1128 783 1207 saturi
799 1151 906 1206 sumus,
927 1135 1021 1194 miseri
1031 1129 1096 1208 sui-
1180 1125 1187 1132 ⁴

22 1257 85 1312 nas,
108 1246 261 1316 antequam
282 1238 352 1294 nati.
394 1230 446 1292 Sic
466 1239 570 1290 autem
593 1229 797 1309 prosequitur
817 1230 933 1294 Seneca
946 1230 993 1316 4):
1016 1236 1097 1296 Mars

22 1359 63 1400 ree
89 1339 189 1400 bonum
210 1357 261 1396 nea
282 1336 388 1396 malurn
409 1345 460 1396 est.
510 1333 548 1394 ld
569 1337 639 1394 enim
658 1344 747 1413 potest
768 1346 819 1394 aut
840 1335 940 1396 ionum
962 1347 1013 1398 aut
1034 1357 1097 1396 ma-

22 1463 73 1500 arn
95 1458 170 1513 esse,
191 1438 268 1519 quot
288 1435 397 1518 aliquid
418 1446 478 1496 ests
504 1435 581 1516 quod
602 1455 665 1495 cero
685 1440 775 1516 ipsum
797 1439 864 1498 niirri
882 1450 937 1514 est,
958 1450 985 1501 et
1005 1442 1099 1500 omnia

22 1542 177 1602 'rrnilrilam
197 1541 307 1616 redigit,
328 1539 397 1598 nulli
414 1558 463 1599 nas
474 1535 612 1615 sammaa
632 1539 733 1599 tradit.
774 1541 860 1601 Mala
880 1545 951 1602 aum
972 1542 1100 1622 lanaque

22 1650 98 1706 :tren
119 1645 245 1725 aliquam
266 1651 413 1702 versantur
429 1645 591 1702 materiam.
636 1637 732 1722 (Hinc
748 1659 815 1702 enm
830 1641 915 1702 inter
933 1634 1099 1724 ἀδιάφορα

22 1767 72 1808 seu
98 1743 326 1819 indifferentia,
358 1753 394 1802 ut
419 1741 516 1804 uertit
542 1741 659 1804 Seneca
677 1741 720 1827 ⁵),
753 1743 880 1822 reponit
904 1745 993 1804 Zeno
1016 1742 1100 1824 apud

22 1846 154 1910 eundem
175 1844 292 1908 ibidem
309 1839 481 1926 Senecam.)
525 1846 591 1910 Non
608 1857 699 1926 potest
716 1847 748 1906 id
760 1847 883 1926 samana
902 1857 1003 1920 tenere,
1026 1849 1102 1928 quoa

22 1963 132 2014 natura
152 1950 272 2012 dinrisils
302 1967 352 2008 nec
372 1957 461 2027 potest
487 1951 570 2007 miser
590 1967 664 2023 esse,
694 1953 744 2029 qui
767 1949 857 2008 nullas
885 1960 934 2010 est.
975 1949 1103 2010 Excessit

22 2054 96 2120 ilius
114 2065 178 2114 tuus
198 2055 338 2124 terminos,
358 2053 434 2109 r‘rnra
455 2070 524 2131 quos
547 2055 674 2112 territur.
715 2052 834 2132 Excepit
853 2053 929 2111 illum
949 2073 1056 2128 magna
1077 2064 1103 2113 et

22 2169 140 2220 aeterna
157 2176 238 2237 pare:
262 2175 317 2214 nort
335 2158 513 2234 paupertatis
533 2164 617 2228 maa,
637 2175 691 2216 nan
711 2154 870 2215 diuitiarum
892 2175 974 2230 carn,
996 2177 1050 2216 non
1070 2156 1103 2215 li·

22 2261 123 2321 iidinis
139 2279 193 2338 per
213 2257 379 2336 uoluptatem
401 2261 509 2318 animas
527 2260 667 2337 carpentis
686 2258 802 2318 aimais
821 2262 963 2320 incessitur
979 2253 1026 2340 ⁶),
1050 2279 1104 2320 non
1155 2287 1164 2302 ·

22 2364 126 2424 inuidia
139 2359 285 2440 felicitatis
305 2360 414 2418 alr'enae
433 2363 567 2434 tangitur,
587 2379 637 2418 nea
654 2380 725 2420 suae
742 2367 888 2440 premitur,
907 2381 957 2422 nea
980 2365 1104 2422 canoieiri

22 2467 135 2548 qurilern
158 2461 412 2524 austerumque
435 2481 520 2521 aures
539 2461 738 2524 verberantur:
769 2463 985 2544 nullapallira
1008 2464 1105 2524 eludes

22 2572 207 2648 prospicitur,
233 2566 310 2625 nulia
330 2569 462 2644 privata.-
490 2585 543 2624 non
566 2565 694 2626 sollicitus
713 2561 806 2641 saturi
823 2567 924 2646 pendet
945 2587 982 2626 em
1001 2577 1105 2638 eventu,

22 2692 135 2749 semper
154 2673 302 2730 incertiora
322 2667 490 2748 rependenti.
536 2667 662 2728 Tandem
683 2667 723 2728 iii
741 2672 867 2742 constitit,
892 2669 965 2742 unde
985 2669 1025 2728 nil
1043 2689 1106 2728 eum

22 2777 128 2857 pellat,
157 2772 206 2832 uiri
224 2773 264 2832 nil
281 2780 396 2832 terreat.
439 2767 490 2828 Sic
511 2766 716 2849 prosequitur
735 2767 851 2830 ibidem
865 2767 914 2851 ⁷):
947 2773 1107 2846 Oignaros

24 2881 168 2940 malorum
186 2897 316 2951 saprum,
336 2873 436 2955 quibas
456 2893 509 2932 non
530 2895 605 2934 mors
626 2884 656 2933 ut
677 2877 808 2951 optimum
831 2877 965 2933 inuentum
986 2883 1108 2934 naturae

23 2983 186 3044 laudatur!
215 2997 290 3060 quae
311 2981 365 3036 siue
374 2975 541 3055 felicitatem
559 2976 690 3048 includit,
711 2979 765 3034 sire
783 2975 973 3034 calamitatem
997 2974 1109 3052 repellit,

24 3089 80 3144 siue
101 3085 261 3142 satietatem
281 3090 333 3138 aut
348 3078 536 3138 lassitudinem
556 3082 628 3138 senis
647 3080 787 3150 terminat,
807 3081 860 3136 siue
874 3077 986 3136 iavereile
1000 3095 1109 3150 acaum,

26 3187 97 3246 dam
114 3184 231 3244 meliora
246 3193 404 3264 sperantur,
425 3185 453 3242 in
464 3183 544 3260 flare
565 3181 687 3254 deducit,
708 3183 763 3238 siue
779 3181 929 3259 pueritiam
953 3189 1020 3238 ante
1037 3196 1110 3252 gra-

27 3292 117 3347 uiores
139 3285 250 3360 gratius
272 3295 400 3346 reuocat:
430 3285 555 3372 omniqus
570 3283 660 3363 finis,
688 3283 778 3342 multis
798 3281 967 3354 remedium,
996 3279 1109 3360 quilius·

28 3391 100 3450 dam
122 3398 223 3461 ouium,
245 3389 281 3446 de
300 3388 379 3446 mellis
401 3388 496 3446 metus
516 3391 625 3462 merita,
648 3406 735 3468 quam
757 3384 794 3445 de
817 3385 860 3444 iris
880 3384 922 3442 arl
943 3403 1012 3464 quos
1032 3385 1110 3457 uenit,

30 3502 187 3572 antequam
218 3494 404 3552 invocaretur.
453 3491 538 3552 Haeo
559 3495 713 3556 servitutem
735 3493 815 3550 inrita
843 3487 953 3548 damino
982 3489 1110 3546 remittit:

31 3596 103 3655 lraee
122 3599 294 3674 captiosum
312 3604 428 3654 catenas
449 3595 538 3654 leuat:
557 3595 629 3655 ltaee
650 3614 666 3654 e
685 3613 801 3652 carcere
821 3591 924 3664 erlarii,
945 3611 1014 3670 quos
1033 3593 1110 3648 euire

32 3702 179 3778 imperium
200 3702 332 3776 impotens
353 3709 485 3760 uetuerat.
528 3699 612 3760 Haec
638 3697 776 3759 canalibus
798 3699 826 3756 in
851 3697 977 3774 patriam
1003 3709 1111 3768 semper

105 3863 136 3931 t)
157 3861 199 3914 De
218 3860 306 3914 anima
326 3865 405 3914 can.
423 3864 511 3933 ptos
532 3861 603 3915 etde
619 3861 814 3913 resurrectione
830 3856 917 3911 curuis
935 3875 958 3910 c.
970 3857 995 3906 1.
1014 3873 1037 3926 p.
1051 3855 1110 3907 325.

106 3952 137 4018 2)
155 3946 264 4002 Consoi.
283 3947 316 4000 ad
335 3945 465 4001 Murciam
485 3951 528 4002 19.
636 3949 666 4015 3)
684 3944 764 4001 Tusc.
784 3947 805 4012 l,
825 3949 849 4000 fi.

107 4039 138 4105 4)
157 4034 265 4089 Consol.
284 4035 316 4088 nd
337 4033 422 4088 Mare.
441 4037 485 4090 19.
634 4035 664 4101 5)
684 4033 764 4105 Epist.
782 4037 825 4087 8².

109 4125 139 4191 6)
159 4123 262 4191 [Malim
282 4122 440 4180 lacessitur,
459 4123 532 4194 qnod
551 4122 645 4178 melius
662 4121 787 4196 congruit
804 4141 864 4176 cum
884 4119 1022 4188 ttlrnulls.]

109 4213 139 4282 1)
159 4211 268 4268 Consul.
286 4211 319 4266 ad
339 4211 423 4266 Marc.
443 4216 485 4266 20.
