3008 4868
680 247 914 306 -322-

258 413 401 476 derivabit,
424 411 580 482 inscriptum
606 410 719 481 ponderi
743 401 866 482 entique.
894 407 929 464 de
953 423 1007 480 quo
1034 405 1094 460 ride
1121 403 1240 458 l’snollra
1266 400 1346 457 blm.

259 499 421 556 Bertoldian.
440 515 467 570 p.
481 501 524 554 55.
562 497 686 554 Ceterum
704 499 732 552 in
751 513 843 551 causas
863 493 1028 567 explicanda,
1048 511 1096 547 eur
1116 503 1218 564 myrtus
1238 491 1347 548 t'eneri

260 595 475 652 consecraretur,
494 589 547 659 ipsi
565 597 667 642 veteres
686 601 848 657 magnopere
867 585 935 638 iuter
951 587 983 637 'se
1001 582 1193 636 discesserunt:
1222 597 1347 652 quorum

260 676 401 746 opiniones
425 682 502 728 route
529 675 696 745 perlustravit
720 673 834 728 Vossius
858 672 891 725 ad
918 671 990 740 l'irg.
1011 668 1072 724 Ecl,
1089 666 1149 732 Vll,
1167 669 1210 722 til.
1230 685 1257 738 p.
1278 670 1345 722 37⁴.

260 763 398 818 Praeterea
416 761 519 817 Dionae
538 780 646 835 quoque
664 771 780 834 myrtum
804 777 906 814 sarram
932 759 1029 822 lulsae,
1058 757 1085 812 in
1103 756 1216 812 Sebedis
1235 755 1347 810 l'illoi-

262 869 344 906 sonua
363 869 395 904 ex
415 849 550 904 Clemente
570 850 681 919 l’eedag.
701 849 735 913 lt,
753 853 779 905 8.
797 869 824 920 p.
842 851 895 904 213
914 848 1017 915 refert]

335 942 443 1010 priapo]
463 919 592 992 lioratius
611 938 710 1006 [Germ.
732 937 753 1001 Ι,
769 939 812 1001 38,
829 939 874 1005 2]=

429 1027 583 1098 Displicent
601 1045 686 1078 nexae
700 1026 816 1097 pirilyrs
834 1041 950 1078 comune

264 1116 377 1172 Ovidius
397 1114 465 1169 Ferat.
485 1115 518 1179 V,
537 1117 626 1184 [33712

431 1205 533 1254 Ebrius
551 1203 677 1254 incinctis
692 1202 807 1272 philyra
826 1201 938 1252 eduvius
957 1199 1075 1267 eupidit’a.

262 1293 303 1346 De
323 1289 428 1362 philyra
446 1307 493 1345 serr
511 1291 567 1344 tilia
585 1309 610 1344 r.
629 1287 696 1360 Aug.
717 1289 876 1344 Politienurrr
895 1286 954 1341 bib.
973 1287 1105 1341 observat.
1124 1297 1151 1340 et
1168 1286 1304 1342 onerarint.
1325 1285 1344 1348 l,

262 1385 306 1436 72.
326 1399 352 1451 p.
367 1383 411 1436 85.
429 1379 460 1434 Τ.
480 1379 501 1434 Ι.
521 1377 613 1448 Lamp.
632 1377 709 1432 Grut.

333 1464 465 1529 assedam
484 1464 592 1533 nioarir]
612 1463 701 1535 Etp'm.
719 1461 758 1518 Μ.
777 1481 803 1533 p.
817 1463 877 1526 795,
896 1463 927 1516 3:
947 1464 1059 1532 metron,
1078 1460 1160 1523 φυτόν
1177 1464 1236 1529 ilos
1256 1462 1346 1526 odoris

263 1554 352 1624 βύβλῳ
377 1551 489 1622 :semiper
512 1548 614 1614 iigmor.
641 1555 665 1610 ἐξ
692 1537 721 1602 οὗ
745 1549 808 1608 roris
833 1547 975 1609 otterirorrs
1001 1551 1129 1603 allamma.
1174 1549 1284 1606 Komar.
1310 1553 1344 1606 sd

264 1643 340 1696 Suid.
359 1642 467 1710 corrigit
485 1639 574 1708 βύβλῳ
593 1635 609 1707 i}
628 1635 747 1708 nunriprp.
790 1636 909 1707 Hesych.
935 1635 1061 1706 rotrodo,
1088 1634 1196 1700 εὐῶδες,
1223 1641 1343 1708 stuppea.

265 1729 361 1783 Stridet!
379 1730 407 1782 in
422 1731 558 1799 Φιλύρινος
575 1731 704 1797 Κινησίας
724 1726 817 1780 habet:
836 1721 974 1796 matrinea<
993 1721 1052 1778 (ἰπὶ
1070 1729 1117 1776 τοῦ
1133 1727 1243 1796 χλωρός·
1264 1723 1281 1794 rp'
1291 1724 1344 1795 grip

265 1821 361 1888 pidupu
377 1819 483 1889 χλωρά·
509 1814 526 1886 ἢ
544 1820 637 1878 κοῦφος
657 1855 662 1870 .
683 1857 690 1868 .
710 1849 717 1869 a
737 1820 780 1867 aul
798 1813 848 1882 yrip
867 1810 898 1864 ro*
916 1811 991 1871 Eridor
1009 1817 1088 1866 τοῦτο
1109 1816 1203 1874 κοῦφον
1222 1819 1267 1866 atui
1283 1817 1345 1866 iiss-

265 1907 339 1974 opdv,
359 1907 429 1961 unde
448 1907 561 1960 sortasse
579 1905 728 1976 impugnari
743 1903 828 1975 possit
840 1900 975 1970 Heringae
989 1901 1147 1964 emendatio,
1166 1902 1213 1973 qui
1226 1899 1343 1956 Obserr.

266 1998 323 2049 erit.
344 2014 370 2065 p.
388 1996 441 2049 275
467 1995 531 2064 legit
555 1991 648 2065 propia
667 2009 716 2063 pro
736 1990 859 2062 stirpis,
885 2007 934 2060 pro
954 2008 1008 2062 quo
1027 1991 1140 2046 tortasse
1160 1991 1344 2064 reponendum

267 2081 411 2152 eclipseos,
431 2083 474 2138 cui
495 2082 615 2138 ridemus
634 2090 660 2138 et
678 2081 841 2151 ἐλαφρότητα
861 2098 877 2132 n
894 2077 978 2134 Stridet
997 2079 1086 2134 tribui

697 2283 789 2346 Carus
811 2285 910 2346 XXV.

163 2435 191 2490 1².
203 2437 254 2490 139
336 2439 398 2506 [τῶν
417 2442 542 2492 alatores
562 2441 623 2508 ete]
641 2437 684 2493 De
702 2437 782 2491 rariia
798 2435 907 2491 Amoris
925 2437 1097 2507 genealogiis,
1115 2455 1184 2510 quae
1202 2439 1272 2510 apud
1292 2457 1344 2493 re-

243 2534 334 2593 ¹teres
352 2527 523 2591 serebantur,
548 2543 628 2580 onem
646 2525 854 2582 reconditiorem
873 2523 990 2578 lebulam
1010 2525 1134 2590 alleraru,
1159 2543 1211 2597 qua
1229 2527 1344 2598 Zephyri

266 2623 292 2668 et
316 2613 395 2668 iridis
424 2615 495 2668 lilius
523 2632 582 2670 esse
609 2614 813 2686 perhibebatur:
842 2613 876 2667 de
901 2630 953 2686 qua
979 2613 1040 2667 ride
1065 2612 1184 2668 nobem.
1210 2615 1244 2668 ad
1269 2613 1344 2670 Aine.

266 2719 292 2771 p.
309 2703 359 2756 351
381 2701 422 2755 ed.
441 2717 482 2770 pr.
520 2700 627 2764 Quibus
645 2701 730 2754 adiice
748 2700 862 2771 Zepbyri
882 2700 993 2769 gigantis
1011 2701 1097 2753 filiurn
1115 2701 1168 2754 diei
1186 2701 1220 2755 ab
1237 2701 1344 2774 Eur-plo

266 2786 469 2840 Lacedaemone
487 2788 627 2856 antenorei,
645 2797 712 2841 testo
731 2787 768 2841 lo
789 2785 869 2840 Laus.
885 2786 964 2858 Lydo
983 2787 1016 2842 de
1036 2789 1171 2844 urentibus
1188 2789 1345 2858 fragmento,

267 2873 339 2944 quod
358 2871 440 2928 edidit
457 2870 558 2928 Hnaiua
577 2875 610 2928 sd
629 2872 696 2946 Lyd.
715 2874 750 2928 de
768 2872 870 2929 Ostent.
890 2891 916 2944 p.
930 2878 991 2929 282.
1028 2875 1071 2931 Ex
1088 2895 1141 2950 quo
1159 2886 1243 2946 poeta,
1262 2879 1345 2932 euius

266 2975 365 3016 nemen
384 2979 439 3017 nou
457 2962 669 3028 sollicitandum,
693 2979 776 3035 quurn
800 2961 909 3016 affertur
931 2966 1147 3034 apoapasnratiort
1164 2961 1346 3030 >symponum

260 3047 352 3117 Ἔρως,
371 3051 443 3102 iuret
458 3068 530 3103 nune
544 3050 677 3113 adnotare,
696 3051 860 3118 ingeniosam
874 3048 1003 3104 Meinelrli
1017 3051 1126 3118 Quaest.
1144 3069 1213 3106 seen.
1232 3051 1312 3124 Spee.
1323 3051 1346 3107 l.

267 3149 294 3204 p.
308 3135 345 3187 24
363 3136 543 3189 coniecturam
563 3135 731 3202 dytaopodtc
748 3139 854 3207 dignam
879 3138 976 3204 luisse,
1001 3157 1070 3212 quse
1087 3141 1121 3194 ab
1140 3159 1174 3196 eo
1193 3151 1264 3196 eerte
1282 3159 1346 3195 me-

268 3227 431 3284 moraretur‚
455 3222 501 3292 qui
519 3224 679 3278 vocabulum
698 3225 765 3280 illud
782 3224 911 3280 Thesauri
930 3226 1102 3298 Stephaniaui
1120 3231 1231 3285 editioni
1250 3232 1347 3286 nous-

270 3306 352 3359 rimee
372 3306 498 3370 inseruit,
518 3307 551 3360 el.
571 3307 707 3364 Welelreri
726 3309 799 3365 Mun.
818 3310 903 3368 llben.
921 3314 952 3368 T.
972 3314 1007 3369 ll.
1026 3334 1052 3386 p.
1068 3320 1137 3383 254;
1158 3321 1209 3376 etsi
1223 3337 1273 3390 ego
1292 3337 1347 3375 ne-

266 3409 322 3463 que
340 3393 368 3446 in
388 3393 534 3462 significatu
553 3398 627 3450 roais
645 3415 733 3470 noque
751 3399 778 3452 in
797 3403 898 3457 ratione
911 3408 1081 3473 grammatice
1098 3407 1245 3479 quidquam
1253 3405 1347 3463 'ines

269 3477 356 3542 rideo,
375 3480 448 3552 quod
467 3480 568 3534 eodieis
586 3485 744 3554 scripturam
762 3505 813 3542 noa
831 3489 982 3563 relinquere
1001 3503 1085 3562 eogat.
1121 3493 1264 3550 trabeam
1275 3497 1347 3550 enirrr

269 3569 320 3626 alia
348 3585 457 3642 quoque
481 3567 601 3623 eiusdem
628 3572 829 3641 compositionia
856 3579 977 3650 exempla
1003 3580 1081 3651 plura
1100 3582 1234 3649 indubia,
1265 3583 1347 3639 veluti

269 3656 457 3731 orreppoiriyor,
488 3658 560 3731 quod
586 3657 682 3728 iegitur
704 3656 841 3733 Aristoph.
866 3663 916 3720 Ar.
941 3669 1009 3731 232,
1034 3669 1107 3724 iuxta
1131 3669 1348 3742 σπερματοὶῦγος.

269 3747 355 3804 Valde
379 3749 505 3806 notabilia
530 3749 668 3804 nominum
686 3745 830 3822 Kupodiap
849 3761 876 3807 et
891 3755 1072 3826 Κυματολήγῃ
1091 3758 1195 3827 origine
1214 3767 1349 3828 cognato-

270 3851 329 3888 rum
347 3837 446 3904 lorma,
474 3839 551 3894 euius
576 3838 754 3895 diversitatem
778 3857 857 3896 nemo
883 3849 923 3895 est
947 3843 993 3914 qui
1018 3859 1072 3898 non
1097 3845 1226 3916 intelligat
1249 3863 1264 3900 a
1290 3845 1350 3901 sola

269 3937 363 3975 sersus
381 3923 483 3980 beroiei
503 3927 656 3982 conditione
675 3929 844 4000 repetendam
865 3945 938 3994 esse,
964 3931 1035 3986 unde
1059 3932 1197 4002 vulgarem
1221 3931 1249 3986 in
1267 3949 1349 3987 usum

269 4015 467 4076 receptarunt
505 4013 651 4085 Utrumque
677 4032 775 4070 nomen
800 4016 909 4072 exbibet
925 4017 980 4072 Vas
1003 4019 1102 4090 pictum
1122 4020 1149 4074 in
1167 4017 1265 4074 Annal.
1285 4020 1349 4075 dell'

271 4093 334 4147 lnat.
351 4093 422 4147 arch.
441 4099 515 4151 18³2.
530 4117 556 4168 p.
572 4103 620 4157 124
634 4112 659 4156 et
674 4103 738 4169 1253
757 4104 804 4159 sed
823 4104 861 4159 tbi
879 4105 976 4162 vitiose
993 4107 1120 4177 seriptum
1139 4109 1348 4162 KrbrAestH.
