2972 4836
509 399 551 412 ··
606 385 687 428 xllx
743 400 784 414 -··

96 532 284 592 Broclrerus
305 531 343 592 T.
362 529 399 592 ll.
421 553 452 612 p.
471 535 551 610 539,
579 553 636 596 osc
658 555 698 598 ex
726 535 796 598 aliis
819 536 950 600 Cornuti
973 537 1075 621 iisque
1097 538 1188 602 indu·

11 639 12 678 l
96 633 202 696 tineis
230 633 363 714 scriptis
390 635 511 717 aliquid
540 649 681 717 superest
707 651 837 720 praetor
857 641 998 703 libellum
1025 645 1062 704 rie
1082 657 1189 706 notura

99 739 221 798 Ιὶωιι
245 737 308 796 sub
329 737 485 798 Phumuti
506 740 631 804 nomine
650 741 754 821 primo
776 742 903 824 quidem
926 741 1055 818 editum,
1078 759 1188 825 postea
1252 797 1254 802 .

99 858 172 900 vero
203 850 294 899 recte
324 837 464 902 Cornuto
485 840 590 904 Stoico
617 842 825 922 vindicatum,
854 846 976 927 inquo
997 849 1188 928 mythologia

99 939 236 1000 Graecae
260 939 386 1002 Stoicae
408 943 636 1024 physiologiae,
658 946 825 1024 allegoriae
845 945 877 1008 io
900 945 1077 1012 Stoicorum
1099 950 1189 1010 echo-

99 1043 135 1102 lis
155 1055 308 1122 receptae
331 1062 427 1124 opera
449 1057 682 1125 attemperatur,
705 1059 734 1108 et
755 1049 913 1126 theologia
931 1047 1035 1110 Stoica
1055 1052 1188 1128 eleganti

100 1157 270 1206 mereatur
291 1146 507 1227 compendio.”
557 1149 678 1211 Revera
700 1149 751 1210 hic
771 1150 932 1212 Fabricius
956 1173 988 1231 p.
1009 1155 1072 1214 398
1093 1152 1190 1236 ¹eimi-

101 1249 172 1309 liter
194 1261 374 1327 memorat,
403 1271 443 1310 ex
471 1251 594 1332 scriptis
623 1252 716 1314 huius
746 1253 927 1334 philosophi
955 1253 1035 1313 nihil
1065 1265 1188 1316 oxelare

103 1371 192 1431 quim
216 1349 376 1432 Θεωρίαν
404 1353 481 1435 περὶ
512 1355 571 1434 τῆς
593 1353 661 1417 τῶν
683 1355 774 1419 θεῶν
798 1349 946 1436 φύσεως,
975 1355 1042 1418 sire
1072 1344 1189 1418 librum

103 1451 275 1514 denatura
299 1451 431 1514 deorum
454 1455 576 1535 saepius
598 1451 716 1515 editum
738 1453 796 1514 sub
819 1455 946 1516 nomine
964 1457 1137 1535 Phornuti‚
1159 1471 1190 1519 et

104 1554 140 1615 ad
160 1555 312 1638 physicae
339 1575 374 1616 ec
401 1558 535 1618 morales
560 1557 738 1618 trahentem
759 1555 940 1637 allegoriae,
968 1579 1048 1641 quae
1070 1557 1108 1620 ds
1131 1558 1190 1620 diis

103 1658 181 1739 apud
204 1657 348 1720 Graecos
369 1656 592 1736 tradebantur,
619 1659 832 1741 curiosiusque
855 1659 1065 1742 inquirentem
1088 1661 1189 1723 nomi·

105 1781 174 1821 num
190 1761 325 1822 illorum
340 1761 553 1841 etymologias,
575 1767 718 1844 exemplo
734 1765 882 1842 Zenonis,
901 1763 1071 1841 Cleanthis,
1089 1763 1190 1845 Chry·

103 1861 184 1942 sippi
207 1875 242 1922 et
267 1863 402 1923 aliorum
425 1883 442 1923 e
464 1875 530 1926 stoa
548 1866 822 1947 philosophorum,
845 1878 879 1927 ut
901 1865 1010 1928 Cicero
1032 1866 1071 1928 de
1090 1867 1131 1928 N.
1148 1867 1191 1926 D.

102 1965 154 2040 ΙΙΙ,
174 1969 220 2025 24
245 1963 324 2026 dicit
353 1985 494 2044 magnam
523 1969 696 2031 molestiam
727 1970 897 2048 suscepisse
926 1967 1064 2046 primum
1086 1969 1191 2028 Zeno·

103 2087 191 2141 nem,
214 2077 285 2144 post
305 2065 501 2144 Cleanthem,
522 2067 634 2132 deinde
657 2070 879 2152 Chrysippum,
908 2065 1190 2128 commentitiorum

104 2169 283 2230 tabularum
305 2167 438 2234 reddere
460 2171 624 2249 rationem,
651 2173 883 2246 vocabulorum,
905 2187 962 2230 cur
983 2187 1126 2250 quaeque
1146 2169 1191 2230 ite

106 2273 265 2352 appellata
296 2272 375 2348 sint,
410 2291 529 2334 eatresns
557 2274 725 2354 explicare.
768 2272 853 2339 idem
875 2269 992 2332 ibidem
1014 2283 1191 2349 montrerat,

108 2375 139 2434 io
162 2372 337 2436 enodandis
361 2374 539 2436 nominibus
564 2393 617 2436 eos
637 2377 837 2438 laboravisse.

191 2477 232 2538 Et
249 2478 343 2538 huius
357 2475 484 2558 quidem
498 2477 657 2556 elegantis,
670 2473 932 2560 quemadmodum
948 2485 1037 2538 vocat
1051 2475 1192 2538 Bruclte·

106 2601 168 2658 rus,
190 2579 369 2657 theologiae
391 2577 568 2640 Stoicorum
591 2578 777 2660 compendii,
800 2575 884 2660 quod
907 2595 989 2638 nunc
1006 2575 1109 2638 denuo
1128 2574 1193 2638 edi·

108 2705 184 2760 mus,
209 2683 323 2742 titulus
348 2695 378 2742 et
400 2684 536 2744 auctoris
559 2701 671 2744 nomen
694 2683 780 2745 varie
800 2681 834 2742 in
855 2681 952 2744 variis
975 2677 1065 2740 codd.
1088 2677 1193 2740 delor-

108 2799 190 2847 mata
214 2798 247 2846 et
272 2797 419 2864 corrupte
441 2798 523 2847 eunt.
567 2787 603 2846 ln
624 2783 703 2847 Edd.
721 2787 835 2848 Venet.
852 2783 947 2845 Basil.
970 2797 1001 2844 et
1023 2783 1111 2844 Galei
1135 2785 1193 2844 hoc

108 2909 189 2969 opus
212 2885 395 2948 inscribitur
420 2882 637 2969 Φουρνούτου
657 2887 783 2971 θεωρία
813 2885 889 2970 περὶ
919 2887 981 2968 τῆς
1009 2887 1075 2952 τῶν
1101 2885 1194 2976 dcciv

108 2989 278 3075 paluster.⁸
300 2987 379 3049 Gale
400 3001 508 3050 monet
528 2987 659 3068 Gyraldi
682 2987 818 3048 codicem
840 2997 872 3046 et
895 2981 999 3047 oxon.
1019 3009 1040 3049 o
1063 3003 1194 3046 consen·

106 3096 169 3155 tire
191 3113 261 3154 cum
283 3090 452 3172 impressis.
505 3087 588 3150 ldem
610 3089 727 3166 legitur
748 3087 783 3146 in
806 3082 905 3145 Codd.
926 3084 1032 3161 Regiis
1055 3088 1140 3146 2860
1162 3097 1194 3146 et
1270 3095 1273 3102 ⁴

108 3200 194 3261 3076
216 3208 250 3257 et
270 3195 303 3254 in
327 3192 405 3254 God.
427 3185 582 3271 Augustae
604 3186 840 3251 vindelicorum
854 3183 900 3269 *),
929 3185 1016 3246 cuiue
1037 3186 1194 3250 variantes

109 3302 226 3378 habeo,
250 3311 282 3358 et
304 3298 336 3357 in
358 3292 436 3356 Cod.
457 3296 500 3355 20
520 3293 620 3374 plutei
644 3295 685 3356 56
706 3291 790 3352 Bibl.
810 3287 1050 3366 laurentianae.
1093 3288 1136 3350 At
1158 3289 1192 3350 in

108 3406 190 3466 calce
211 3400 287 3462 libri
308 3399 340 3459 in
362 3397 410 3458 ed.
429 3399 544 3458 Vener.
564 3419 596 3476 p.
611 3399 649 3458 st
674 3413 783 3459 rerum
805 3415 841 3456 ac
859 3411 1039 3472 germanum
1059 3391 1194 3454 Cornuti

108 3525 223 3567 nomen
247 3504 291 3564 sic
313 3498 508 3562 restituitur:
539 3501 635 3572 τέλος
663 3501 726 3566 coo
755 3497 829 3581 aaut
859 3497 918 3580 eric
946 3497 1037 3563 θεῶν
1067 3491 1194 3578 φύσεως

109 3605 330 3690 Kopvodsov,
362 3614 393 3664 et
422 3603 455 3662 io
481 3602 575 3663 titulo
599 3600 696 3662 totius
719 3596 903 3663 voluminis:
936 3595 1117 3658 Phoroutus
1139 3617 1193 3658 seu

108 3723 144 3771 ot
165 3709 222 3769 alii
248 3705 407 3770 Cornutus
434 3703 473 3766 de
502 3715 613 3766 natura
643 3700 784 3762 deorum.
833 3697 925 3776 Quod
954 3701 1071 3781 repetit
1097 3698 1194 3762 editio
1313 3723 1317 3730 ·

110 3810 311 3881 Basileeosis,
334 3809 367 3868 in
390 3828 452 3889 qus
477 3819 508 3868 et
529 3807 644 3886 legitur
664 3805 791 3864 huiusce
813 3803 914 3863 libelli
935 3803 1038 3866 versio
1060 3825 1078 3863 a
1101 3799 1196 3860 Clau·

110 3932 181 3975 sero
205 3913 357 3992 Tigurioo
379 3909 527 3986 conlecta,
548 3929 628 3992 quae
648 3907 692 3970 sic
712 3904 910 3966 inscribiturt
934 3901 1069 3963 Cornuti
1084 3897 1123 3962 de
1140 3922 1195 3963 na·

112 4029 181 4078 tura
201 4013 332 4076 deorum
351 4011 599 4074 commentarios.
642 4008 783 4082 Similem
799 4003 1037 4068 inconstantiam
1054 4001 1086 4066 in
1104 4003 1193 4070 codd.

186 4231 211 4299 ⁹)
229 4230 306 4298 [ltem
324 4228 494 4286 Monacensis
510 4227 610 4301 Regios
626 4230 694 4295 536,
713 4225 818 4296 dequo
837 4243 860 4278 r.
877 4223 1096 4293 praelatorem]
