2972 4836
718 362 948 402 ...η-

297 513 416 611 ltaque
442 509 557 582 animo
577 505 778 580 confirmato
803 533 927 579 munus
949 531 1060 580 meum
1086 505 1239 606 quamvis
1259 501 1382 578 taedio

297 612 435 714 plenum
459 611 505 683 ita
532 626 729 709 persecutus
755 635 842 698 sum,
868 623 905 680 ut
929 635 1016 708 quae
1041 608 1077 679 in
1100 607 1236 680 schedis
1257 624 1381 679 notata

297 712 492 812 reperirem,
519 728 575 784 aut
602 712 675 810 ipse
702 709 975 797 transcriberem,
1005 725 1063 782 aut
1089 736 1150 809 per
1176 708 1275 781 aliam
1302 735 1382 780 nra-

296 842 378 887 num
406 813 500 885 haud
518 811 690 886 indoctam
712 811 971 886 transcribenda
998 811 1179 908 diligenter
1204 837 1382 882 curarem:

297 943 367 1017 quo
393 913 520 988 facturn
548 930 607 1004 est,
633 933 671 988 ut
695 943 800 1014 quum
818 913 959 986 Parisiis
986 939 1015 985 a.
1035 913 1134 986 1818
1154 911 1382 998 discederem,

296 1033 512 1117 apparatum,
537 1017 596 1116 qni
620 1015 756 1104 dieitur,
779 1013 1221 1098 Vittotsontanum-‹tomum
1241 1041 1379 1087 mecum

296 1135 518 1218 asportarem.
568 1116 655 1190 Aliis
675 1144 754 1190 vcro
774 1118 909 1191 interim
928 1115 1132 1190 interclusus
1154 1116 1380 1214 temporibus,

204 1297 208 1304 ,
296 1247 389 1293 nunc
424 1220 561 1292 demum
599 1245 656 1292 eas
693 1219 810 1320 copias
843 1217 1072 1320 qualicunque
1097 1245 1172 1289 mea
1198 1245 1301 1317 opera
1330 1217 1379 1288 ad

295 1339 460 1410 mentem,
486 1337 652 1421 utputo,
682 1320 840 1416 auctoris*
862 1319 1046 1422 dispositas
1072 1337 1255 1420 auctasque
1282 1317 1379 1392 evul-

295 1422 399 1522 gandi
425 1419 604 1496 consilium
629 1423 716 1521 cepi,
741 1449 845 1524 quum
867 1423 1063 1522 praesertim
1085 1422 1233 1494 virorum
1256 1419 1379 1493 docto-

295 1553 370 1596 rum
391 1525 559 1597 neminem
586 1521 748 1613 viderem,
774 1525 832 1624 qui
854 1523 1008 1612 Cornuti,
1034 1523 1182 1596 hominis
1205 1522 1298 1595 haud
1321 1521 1378 1594 in-

294 1625 399 1712 docti,
423 1621 587 1712 libellum,
612 1625 648 1696 in
671 1625 813 1698 summis
832 1625 969 1726 ineptiis
992 1641 1147 1697 accurata
1173 1621 1376 1726 disciplinae

293 1725 487 1799 Stoicorum
511 1725 725 1799 enarratione
749 1727 991 1830 conspicuum,
1016 1725 1107 1826 turpi
1133 1753 1240 1825 paene
1263 1753 1377 1798 exent-

293 1827 352 1928 plo
379 1827 424 1899 ad
451 1828 542 1902 hunc
569 1827 660 1901 diem
685 1825 857 1926 vulgatum
881 1830 916 1901 in
940 1829 1065 1900 novum
1090 1855 1228 1899 examen
1254 1853 1376 1900 vocare

293 1927 520 2005 sustinuisset.
580 1929 667 2003 Nam
702 1957 742 2000 ex
776 1947 845 2030 quo
880 1929 1031 2002 Thomas
1068 1925 1153 2001 Gale
1187 1927 1375 2028 Opusculis

293 2029 553 2134 mythologieis,
616 2030 744 2134 hysicis
771 2049 803 2103 et
830 2031 949 2104 ethicis
975 2031 1029 2103 bis
1062 2058 1079 2102 a
1107 2057 1143 2102 se
1170 2029 1270 2102 editis
1297 2059 1373 2104 eum

293 2131 454 2217 inscruit,
488 2131 531 2203 ab
566 2058 634 2205 alio
666 2159 839 2231 quoquam
875 2135 996 2205 iterum
1033 2131 1159 2204 editum
1191 2160 1261 2203 non
1295 2133 1374 2204 nori

293 2231 359 2306 nisi
388 2259 406 2303 a
433 2230 615 2334 Neophyto
643 2232 758 2319 Dura,
798 2235 931 2308 Graeco
960 2235 1114 2322 homine,
1148 2231 1375 2307 Vindobonae

290 2334 417 2420 1811,
442 2360 510 2404 una
536 2360 612 2405 curn
638 2331 800 2407 Sallustio
827 2334 869 2408 de
897 2333 1026 2408 muodo
1053 2335 1195 2435 aliisque
1222 2335 1293 2408 eius
1317 2361 1373 2432 ge-

293 2434 385 2506 neris
402 2433 547 2534 scriptis.
600 2433 713 2532 Quam
732 2435 925 2535 editionem,
943 2435 1118 2535 gentilium
1137 2464 1276 2508 suorum
1297 2439 1373 2509 usui

293 2533 338 2608 ab
359 2551 497 2608 auctore
512 2533 732 2624 destinatam,
756 2537 832 2610 lieet
860 2529 918 2610 diir
947 2556 978 2612 et
1002 2539 1134 2611 curiose
1157 2565 1175 2610 a
1196 2565 1249 2610 me
1270 2566 1372 2639 quae-

293 2637 404 2724 sitam,
419 2663 594 2735 nnnquam
608 2635 716 2711 oculis
726 2665 894 2740 usurpare
904 2639 1009 2727 licuit,
1024 2667 1135 2740 neque
1146 2667 1273 2725 eorum,
1287 2667 1372 2741 qnae

293 2764 417 2811 censor
439 2737 512 2809 eius
539 2735 619 2809 olim
647 2739 778 2813 monuit
795 2743 850 2840 ⁸¹³),
874 2741 1073 2815 recordatus
1103 2769 1309 2841 magnopere
1337 2740 1372 2813 id

294 2835 399 2910 dolui.
451 2838 534 2910 Post
560 2839 712 2928 Ducam,
741 2842 799 2940 qni
829 2841 981 2916 Cornuto
1006 2869 1128 2916 novam
1154 2859 1303 2942 operam
1320 2842 1371 2914 di-

293 2954 411 3026 casset,
438 2965 538 3011 nemo
553 2960 707 3042 repertus
726 2941 789 3015 suit
808 2943 871 3015 nisi
893 2945 1051 3031 Batavus,
1077 2944 1254 3017 Gerardus
1273 2945 1372 3016 loan-

292 3067 353 3113 nes
374 3039 417 3112 de
437 3041 589 3131 Martini,
615 3070 684 3115 non
711 3045 771 3142 qni
798 3042 949 3120 libellum
976 3045 1100 3134 ederet,
1125 3044 1185 3118 sed
1212 3044 1270 3143 qui
1294 3042 1371 3116 Dis-

291 3142 467 3240 putatione
492 3141 686 3238 inaugurali
713 3143 756 3216 de
775 3145 814 3217 L.
830 3147 974 3220 Annaeo
993 3149 1144 3220 Cornuto
1165 3144 1371 3245 philosopho

287 3241 408 3330 ,Stoico
429 3241 600 3338 eleganter
623 3272 685 3316 nee
712 3245 785 3316 sinc
811 3249 967 3321 acumine
990 3250 1115 3348 scripta
1139 3245 1204 3320 hoe
1226 3246 1268 3319 de
1289 3249 1370 3320 seri-

291 3357 389 3441 ptore
423 3341 603 3436 insigniter
635 3347 832 3444 promeruit.
890 3348 942 3422 De
977 3377 1044 3449 qua
1081 3349 1370 3436 commentatione,

291 3467 379 3543 quae
403 3442 565 3540 Lugduni
589 3443 630 3520 B.
657 3446 755 3519 1825
783 3447 931 3548 prodiit,
967 3449 1052 3549 quid
1076 3449 1293 3544 statuendum
1319 3452 1370 3537 sit,

291 3569 398 3644 quum
425 3542 506 3616 olim
532 3545 764 3619 censuerimus
777 3549 856 3646 Μ),
894 3569 964 3624 tum
987 3578 1050 3652 per
1076 3550 1165 3625 hanc
1190 3551 1368 3626 editionem

290 3661 443 3717 nostram
470 3645 631 3719 censendi
658 3649 785 3749 passim
813 3647 908 3726 locus
933 3651 1007 3724 suit.

368 3745 485 3844 Quum
513 3745 619 3844 igitur
652 3749 697 3820 ad
729 3749 871 3824 Cornuti
908 3768 1119 3840 contextum,
1156 3779 1194 3824 cx
1225 3753 1368 3851 pessimo

291 3843 372 3918 olim
399 3846 517 3921 codice
545 3847 773 3949 descriptum,
811 3869 842 3924 et
876 3854 921 3927 ad
956 3871 1109 3927 nostrum
1142 3880 1250 3953 usque
1284 3854 1367 3926 diem

290 3973 398 4044 paene
422 3947 614 4046 neglectum
641 3949 876 4049 refingendum
909 3957 967 4056 qui
995 3983 1068 4028 sese
1099 3954 1289 4050 accingeret
1315 3981 1368 4026 ne-

352 4189 381 4270 *)
403 4192 533 4272 Ephem.
553 4195 615 4258 litt.
637 4194 722 4277 Lipa.
748 4200 842 4261 1817.
861 4197 923 4260 Νο.
944 4204 999 4261 at.

337 4274 384 4361 **)
406 4276 535 4358 Ephcm.
557 4279 619 4342 lin.
641 4281 711 4343 Hal.
736 4286 829 4346 1832.
850 4281 962 4364 Suppl.
982 4285 1055 4346 too.
1078 4305 1111 4364 p.
1128 4283 1190 4346 ⁷9³
1213 4303 1260 4364 sq.
