2818 4860
498 331 735 396 -457-

5 500 150 559 :dmm
179 517 282 580 corpus
309 521 387 576 sese,
413 501 553 562 1111111111
572 501 686 581 minius
705 502 767 562 est?
813 500 934 582 optatu
954 502 1025 560 mim
1046 519 1148 579 corpus

5 605 102 660 usui
120 605 236 676 gestetis
255 606 284 661 in
306 623 361 663 suo
381 600 482 685 effigie.
537 599 609 676 Quo
638 599 704 662 lero
732 597 826 662 modo
857 611 889 660 et
917 597 1088 680 Epicurum
1116 607 1149 658 et

36 700 158 764 ludos
185 714 308 764 eeteros
336 721 449 783 corpus
475 701 536 764 deo
564 703 730 782 tribuisse,
763 702 827 764 suis
850 700 927 762 locis
954 699 1095 762 docuisse
1114 719 1147 761 se

4 833 8 864 ·.
42 817 172 866 monet
186 803 420 888 ssmcksrns1);
444 825 515 867 cum
528 817 690 885 praetereo
705 803 788 885 opud
804 800 1107 880 Pseudo-Origenem
1118 798 1148 884 ²)

4 949 13 970 .
43 906 272 967 Brachmanes
292 907 416 972 τοῦτον
437 899 499 972 stis
521 906 717 984 AOFON,
740 903 782 972 iis
802 899 890 970 oste
912 897 1148 986 ὀνομάζουσιν,

49 1005 381 1074 ΣΩΜΑΤΙΚΟΝ
399 1007 488 1073 elsae
517 1008 707 1069 existiment.
757 1010 786 1068 A
814 1025 878 1089 quo
905 1017 1010 1068 tomen
1038 1021 1146 1064 errore

9 1145 17 1159 ·
48 1111 254 1185 obhorrent,
285 1109 341 1190 qui
371 1109 456 1170 iuter
483 1107 576 1172 lntloe
604 1109 793 1173 recentiores
820 1108 973 1190 sepientis
1000 1106 1147 1182 eminent,

3 1277 11 1288 ,
51 1231 133 1273 cum
156 1211 192 1271 in
213 1210 318 1272 Ezom
338 1209 461 1274 Vedsm
478 1209 507 1295 5)
528 1211 629 1274 molto
651 1211 821 1274 consultius
836 1207 865 1294 4)
893 1227 987 1292 quem
1016 1207 1146 1289 inipso
1253 1228 1256 1234 ’

135 1383 167 1451 1)
185 1384 265 1438 Tom.
284 1384 331 1438 lll.
350 1403 377 1456 p.
393 1387 456 1438 ott.
622 1386 652 1456 2)
671 1384 871 1457 Philosophum.
890 1403 917 1456 p.
936 1385 997 1438 164.

132 1472 165 1541 3)
183 1471 249 1542 Peg.
267 1473 311 1524 tt.
329 1469 456 1524 versionis
475 1467 594 1525 Gallicae
613 1473 819 1544 manuscriptae.

2 1561 15 1596 l·
133 1558 166 1626 4)
184 1556 264 1610 Clare
281 1567 370 1611 autem
392 1555 504 1624 Cicero,
523 1557 587 1630 quid
606 1570 672 1612 esset
691 1559 891 1628 spiritualitas,
916 1568 1074 1624 1111011111,
1099 1579 1145 1612 seu

3 1659 14 1700 t
54 1645 290 1705 immaterialitate,
307 1645 445 1717 perspexit.
481 1643 527 1700 sic
545 1645 617 1700 enim
637 1646 758 1719 loquitur
777 1645 887 1701 Tuscul.
901 1645 921 1713 l,
935 1649 985 1700 tta
1009 1645 1088 1698 Ntts't
1104 1657 1145 1699 est

2 1767 12 1804 ,
56 1733 88 1786 iss
107 1735 340 1788 antecessissent
357 1742 441 1804 utque
458 1743 624 1802 concretum,
646 1743 697 1786 out
716 1733 789 1805 quoti
804 1751 838 1784 ee
854 1743 930 1787 terra
947 1743 1043 1786 natum
1062 1742 1146 1805 atque

1 1877 6 1909 1
52 1823 159 1889 fiotum
176 1839 233 1876 esee
250 1821 395 1882 videaturt
420 1821 491 1874 nilsil
506 1839 540 1874 ne
558 1831 609 1874 out
627 1820 766 1872 humidum
784 1819 890 1892 quidem
911 1829 963 1872 aest
980 1819 1077 1890 flabile
1094 1829 1146 1874 aut

2 1957 4 1964 ,
57 1908 179 1978 igneum.
215 1909 269 1960 ,His
287 1907 402 1960 enimin
419 1910 529 1961 naturis
546 1909 617 1960 nilsil
632 1909 718 1974 inest,
736 1908 808 1979 quod
825 1907 878 1960 uim
895 1907 1050 1972 mensarios,
1073 1925 1145 1960 nun-

1 1974 7 2013 ¹
57 1993 113 2052 tis,
132 1993 306 2064 cogitationis
324 1993 443 2056 lsabsat‚·
467 1995 541 2068 quod
556 2006 585 2047 et
600 1996 751 2063 praeterita
768 2003 872 2052 teneat,
890 2003 918 2046 st
930 1993 1037 2064 futuro
1053 1994 1146 2062 prosi-

4 2083 10 2116 t
59 2079 142 2136 alsat,
166 2089 194 2130 st
214 2079 351 2149 complecti
365 2082 454 2152 possit
470 2082 642 2152 praesentia,-
669 2100 738 2154 quas
755 2081 815 2134 sola
833 2081 925 2131 divina
942 2089 1022 2146 sunt,
1039 2097 1086 2130 nec
1101 2080 1145 2132 in-

1 2183 5 2220 t
58 2167 185 2219 venietur
204 2185 331 2238 unquam,
351 2169 421 2221 unde
440 2169 477 2220 ael
494 2169 622 2221 hominem
641 2169 730 2222 vestire
744 2168 858 2238 possint,
876 2167 930 2220 nisi
947 2185 965 2218 a
984 2167 1039 2220 tlso.
1081 2167 1145 2219 Sin-

2 2292 4 2322 ,
56 2253 168 2326 gulosis
184 2263 225 2306 est
244 2254 332 2325 igitur
349 2256 481 2328 quasdam
499 2266 604 2309 natura
622 2267 705 2328 atque
723 2257 764 2310 vis
783 2255 879 2322 animi,
902 2254 1026 2308 seiuncta
1050 2253 1085 2305 ab
1102 2255 1146 2308 tn's

60 2341 185 2394 visitatis
204 2341 328 2413 notisque
346 2344 463 2398 naturis.
506 2343 555 2394 Ita
573 2343 706 2415 quidquid
720 2353 763 2395 est
780 2341 858 2400 illud,
877 2343 949 2414 quotl
965 2343 1057 2400 sentit,
1075 2341 1148 2414 quoti

58 2430 149 2500 sopit,
177 2428 249 2500 quoti
264 2429 348 2488 visit,
365 2431 445 2501 {quod
462 2432 552 2503 viget,
576 2431 687 2486 coeleste
705 2441 732 2485 et
752 2431 886 2487 diuinum.
913 2427 945 2481 ob
962 2447 1073 2500 eamque
1091 2447 1146 2482 rem

61 2529 198 2568 aeternum
215 2516 252 2568 sit
271 2535 374 2569 necesse
391 2528 444 2572 est.
480 2521 536 2572 n'se
554 2537 616 2574 vero
634 2519 787 2588 sicutipse,
810 2517 859 2589 qui
877 2517 1043 2586 intelligitur
1060 2533 1079 2566 a
1096 2535 1146 2568 no-

63 2603 119 2668 lu's,
143 2602 198 2654 alio
218 2601 293 2656 mutio
310 2603 428 2676 intelligi
443 2614 550 2674 potest,
573 2606 627 2657 nisi
650 2624 722 2660 niens
745 2603 837 2658 saluta
856 2603 988 2675 quostiam
1007 2613 1034 2655 et
1052 2601 1144 2662 libera,

1 2703 3 2738 t
61 2700 204 2762 segregata
231 2687 266 2740 ab
291 2691 361 2742 omni
386 2693 550 2744 concretione
577 2691 686 2745 mortali
693 2727 699 2747 ,
728 2692 816 2744 omnio
839 2689 955 2744 sentiens
978 2699 1006 2739 et
1031 2707 1145 2756 movens,

1 2807 2 2838 ;
62 2780 173 2850 ipsoque
189 2775 318 2847 praedito
336 2785 408 2829 motu
427 2777 595 2847 sempiterno.
637 2777 672 2832 El
688 2777 797 2832 Tuscul.
816 2777 837 2845 l,
856 2779 904 2833 ²⁹:
935 2779 970 2829 Its
989 2775 1072 2828 animi
1089 2795 1142 2828 au-

63 2875 116 2917 tem
132 2863 297 2936 cognitione,
317 2861 443 2916 dubitare
460 2883 513 2918 non
528 2883 686 2935 possumus,
704 2865 758 2917 nisi
773 2863 854 2934 plone
872 2863 901 2916 in
916 2863 1037 2934 physicis
1053 2863 1143 2932 plutu-

65 2951 105 3002 bsi
120 2969 231 3017 suasus,
257 2952 323 3023 quin
340 2951 410 3002 nilsil
426 2952 464 3006 sit
487 2951 586 3006 animis
608 2953 773 3018 admistum,
798 2952 868 3006 sitit
886 2961 1051 3017 concretum,
1076 2951 1147 3002 nitet!

65 3037 232 3108 copulatum,
257 3039 326 3090 nillil
350 3048 552 3110 coagmentum,
575 3039 645 3094 nilsil
664 3039 772 3110 duplex.
814 3039 913 3111 Magni
936 3047 1027 3092 autem
1044 3038 1146 3108 ingenii

65 3134 119 3192 est,
144 3124 506 3196 utipseaitTusc.l,16,
533 3143 656 3180 reuocare
672 3136 785 3182 mentem
803 3143 822 3178 a
839 3125 975 3190 sensibus,
993 3135 1020 3176 st
1040 3125 1143 3194 cogitu-

66 3212 159 3263 tionem
177 3229 195 3261 a
214 3214 404 3264 consuetudine
424 3212 564 3267 abducere.
600 3213 681 3285 Apud
700 3214 815 3268 eundem
834 3213 867 3267 ds
885 3211 917 3266 N.
934 3213 970 3266 D.
983 3214 1003 3280 l,
1016 3214 1060 3265 tt.
1079 3211 1144 3264 Vel·

67 3298 130 3351 leius
145 3297 308 3369 Epicureus:
326 3300 525 3372 Anaxagoras,
542 3301 567 3353 si
586 3311 699 3352 mentem
715 3301 798 3353 istans
815 3301 895 3372 quasi
912 3299 1016 3352 animal
1033 3298 1145 3370 aliquod

66 3403 119 3440 esse
131 3386 226 3453 voluit,
242 3387 294 3441 erit
311 3387 418 3460 aliquid
432 3391 555 3456 interius,
571 3408 605 3442 ese
622 3409 675 3462 quo
690 3389 763 3442 illud
778 3389 882 3442 animal
895 3389 1059 3440 nominetur:
1078 3386 1146 3460 quid

68 3483 154 3528 autem
170 3474 286 3528 interius
304 3475 411 3528 mente?
448 3477 581 3548 0111511111
598 3477 687 3548 igitur
704 3493 811 3547 corpore
827 3485 944 3529 esterno.
981 3473 1060 3544 Quod
1076 3491 1142 3545 puo-

67 3563 134 3614 niam
148 3581 200 3616 non
214 3563 322 3634 placet,
347 3575 444 3634 operm
462 3565 625 3637 simplexque
642 3573 730 3631 m'ens,
755 3563 835 3617 nullo
854 3583 882 3616 rs
899 3563 1046 3619 adiuncta,
1074 3577 1143 3632 quus

68 3649 158 3702 sentire
171 3651 259 3720 possit
276 3650 411 3722 (Olivetus
428 3651 492 3722 tegit
510 3667 566 3723 ques
583 3650 682 3704 sentire
697 3661 806 3722 posset,
828 3661 857 3704 ut
876 3649 948 3721 opud
967 3648 996 3702 S.
1014 3647 1143 3719 Augusti·

68 3755 128 3790 uum
146 3736 195 3808 Ep.
212 3740 274 3792 118.
293 3758 337 3792 no.
354 3743 397 3794 25.
417 3756 469 3809 ego
486 3749 575 3794 autem
596 3756 666 3809 quas
683 3739 782 3790 sentire
796 3738 907 3806 possit),
920 3737 1021 3806 sugere
1041 3734 1143 3784 intelli-

67 3825 168 3894 gentiae
192 3834 302 3878 nostrae
328 3825 380 3878 os'm
403 3836 431 3876 et
456 3825 587 3877 notiomss
611 3826 728 3880 videtur.
764 3825 837 3878 lelem
856 3823 974 3878 Velleius
990 3821 1141 3894 Epicureus

70 3911 158 3964 ibidem
177 3912 265 3979 l,12:
289 3913 368 3982 Quod
387 3931 448 3965 vero
465 3913 521 3964 sine
537 3931 645 3982 corpore
662 3913 718 3964 ullo
737 3913 813 3963 deum
832 3913 892 3964 vult
912 3928 977 3976 esse,
994 3920 1028 3961 tet
1047 3913 1142 3962 Graeci

69 4001 168 4065 dicunt,
192 3998 344 4063 ‹iosipusom
371 4001 402 4050 iel
422 4000 503 4072 paule
520 4017 575 4052 esse
592 3999 694 4069 possit,
711 3999 829 4070 intelligi
846 4015 898 4050 nors
915 4007 1022 4067 potest‚·
1048 4008 1159 4058 esseut„

70 4088 130 4139 sitim
151 4105 229 4140 sensu
253 4105 358 4143 necesse
382 4096 439 4153 est,
468 4098 561 4141 careat
586 4088 667 4140 etiam
690 4086 852 4154 prudentia,
876 4095 968 4138 sorsat
990 4085 1073 4138 etiam
1095 4105 1139 4138 νο-

71 4175 174 4246 luptute.
214 4175 289 4230 lelem
313 4176 384 4248 opud
412 4176 526 4231 suadem
551 4175 622 4230 iolas
648 4195 671 4229 c.
688 4176 737 4229 tt:
767 4179 831 4228 Cum
850 4181 940 4226 autent
958 4175 1016 4228 sins
1033 4157 1141 4242 corpore
