3086 4840
581 343 815 404 -tut-

157 505 277 576 δύσεαι
307 507 435 583 ἄθλους
463 507 630 596 ἐνδέχεται
658 509 726 592 μὲν
753 503 938 593 ἀναγαγεῖν
968 501 1029 573 οσίι
1061 497 1240 592 ἇλλοτρίσι

159 623 214 687 ἐπὶ
246 620 306 686 τόν
335 617 439 697 θεόν,
471 616 514 693 ὥς
544 621 599 686 eui
630 617 817 703 Κλεάνθης
844 619 1016 706 ἐποίησιν·
1049 612 1090 684 οὐ
1113 617 1184 685 δεῖν
1203 615 1239 684 δὲ

161 735 249 800 δοκεῖ
268 731 443 819 πανταχοῦ
463 723 677 817 οῠρισιλὸγον
698 725 911 815 πρεσβεύειν.

575 975 668 1039 cim
688 975 820 1038 XXXII.

232 1111 341 1216 [Περὶ
367 1119 434 1193 τοῦ
456 1105 704 1193 ’Λπόλλωνος
730 1111 798 1192 καὶ
824 1115 892 1206 τῆς
917 1097 1162 1212 Ἀρτέμιδος]

244 1287 434 1379 Ἐχομὲναι
456 1296 586 1372 τοίνυν,
608 1288 778 1367 niedseor,
796 1288 975 1357 Ἀπόλλων
994 1282 1012 1352 ὁ
1028 1284 1120 1370 ἥλιός
1138 1291 1240 1362 ἐστιν,

156 1396 322 1483 Ἄρτεμις
343 1405 378 1470 δὲ
400 1401 422 1488 ἡ
441 1403 571 1487 σελήνη·
594 1401 648 1470 diui
670 1406 775 1470 τούτο
795 1395 860 1485 γάρ
881 1400 935 1466 καὶ
957 1391 1096 1473 τοξότας
1116 1388 1238 1467 αὐτοὺς

197 1637 310 1709 deidexu]
332 1643 392 1696 Par.
411 1645 426 1695 1
446 1644 611 1695 δυοκαίδεκα.

197 1725 351 1798 ἀλλοτρίας]
365 1729 411 1784 Sic
422 1730 485 1784 Par.
496 1733 521 1784 1.
532 1736 547 1784 2
557 1743 583 1784 et
594 1733 671 1784 [σοι.

162 1817 188 1879 4,
206 1815 329 1887 idemque
348 1818 447 1870 Galeus
465 1819 517 1870 iam
537 1830 562 1871 et
576 1819 671 1870 Viiioi-

164 1919 244 1954 sonus
262 1905 356 1974 reponi
375 1905 529 1969 suadebant,
548 1905 591 1958 bic
607 1905 672 1958 alla·

165 1987 197 2040 tis
211 2007 269 2060 cap.
282 2009 336 2060 seq.
350 2010 376 2060 p.
387 1995 439 2042 221
460 1993 556 2044 verbis:
574 1991 610 2059 μή
626 1990 673 2042 α’).-

165 2073 675 2148 λστρίοιςιίναιεῖσθαιτῷκαθαρωτάτῳ

163 2167 207 2216 καὶ
219 2163 422 2232 νιιιιστινωτάτρ
435 2168 498 2233 θεῷ.
526 2166 614 2236 Vulgo
627 2165 674 2218 εἰλ-

164 2249 289 2318 λοτριοσς.
308 2250 370 2303 Par.
382 2256 401 2305 4
414 2249 549 2324 ἀλλότρια.
567 2253 646 2307 Laur.
658 2257 672 2307 1

163 2333 307 2407 ἀλλοτρίου.

197 2423 244 2474 τδν
253 2424 325 2492 θεὼ]
343 2425 461 2478 Eudocia
474 2427 520 2478 τόν
531 2421 673 2498 Ἡρακλῆι.

199 2510 253 2560 δεῖν
270 2514 299 2563 di
318 2514 399 2580 donet]
418 2513 508 2584 Vulgo
527 2514 570 2564 det
584 2515 612 2564 «u
626 2515 672 2565 do-

166 2605 226 2658 νεῐν,
243 2597 340 2665 quibus
356 2597 421 2650 iilud
436 2601 556 2653 substitui
571 2619 600 2652 es
613 2599 674 2652 Par.

166 2686 192 2734 5.
225 2681 337 2737 Leuni
359 2684 416 2755 (bic
434 2688 530 2740 omisso
549 2687 590 2756 ut)
613 2691 629 2742 3
649 2698 675 2741 et

165 2771 199 2833 4,
226 2768 307 2823 allato
326 2783 396 2826 certe
416 2777 471 2827 derv
488 2793 516 2826 ex
535 2774 596 2828 Par,
614 2779 633 2828 4
649 2785 675 2828 et

166 2855 244 2910 [εισι.
261 2861 287 2912 5.

201 2947 346 3014 πανταχοῦ]
366 2948 426 3002 Par,
445 2953 463 3002 4
480 2946 592 3002 πάντων.

200 3030 357 3100 πρεσβεύειν]
378 3035 423 3088 Sic
441 3035 612 3088 scribendum
627 3033 677 3088 tuis

166 3136 216 3187 pro
234 3119 301 3190 ruig.
319 3117 467 3190 πρεσβύτην
486 3141 514 3174 es
532 3121 593 3174 Par.
609 3127 634 3174 2.
651 3125 676 3176 4.

166 3207 191 3258 5.
209 3206 288 3260 [σοι.
302 3210 327 3260 1.
346 3211 371 3262 3.
387 3213 413 3262 4.
431 3214 447 3262 5
462 3221 487 3262 et
503 3209 591 3262 Onon.
623 3209 675 3262 Sed

166 3293 309 3360 obscurus,
328 3296 425 3361 fateor,
444 3307 515 3349 tatus
532 3295 575 3349 hic
594 3296 676 3362 iocus,

167 3400 329 3453 quemquam
348 3379 508 3452 εὑρεσιλὸγον
526 3382 558 3436 ad
579 3381 678 3436 Clean-

168 3467 237 3520 them
253 3469 424 3522 referendum
438 3487 560 3523 essenon
575 3481 614 3523 est
627 3470 677 3524 du·

167 3553 253 3606 bium:
272 3557 322 3608 nisi
333 3557 368 3609 ita
378 3555 547 3627 explicandus
556 3569 595 3626 ut,
605 3559 677 3630 quod

167 3641 247 3694 modo
266 3641 400 3697 Cleanthis
423 3645 603 3698 testimonium
629 3646 677 3698 ad-

168 3729 275 3794 vocarit,
293 3731 321 3782 in
337 3733 470 3802 ambigue,
489 3752 541 3804 qua
556 3735 603 3786 iste
617 3733 678 3804 piri-

167 3811 292 3886 iosophus
314 3817 349 3870 ob
368 3819 489 3874 stolidam
509 3823 601 3893 utique
620 3834 678 3892 ety-

167 3903 299 3974 mologiae
316 3907 512 3962 affectationem
532 3909 679 3975 laborabat,

167 3990 238 4044 fama
258 4004 438 4064 excusaturus,
457 3996 594 4050 Cornutus
613 3995 679 4048 adii-

167 4078 228 4147 cist,
245 4080 278 4134 de
290 4094 430 4154 nugatore,
444 4084 529 4156 qualis
537 4085 571 4136 sit
581 4082 679 4136 Clean·

168 4166 232 4236 thes,
251 4169 399 4226 honorifice
414 4193 470 4226 non
486 4171 579 4242 utique
594 4171 677 4223 eristi·

728 1641 856 1696 mendum
872 1659 934 1692 esse.
963 1637 1046 1692 Cuius
1061 1637 1240 1709 explicationis

728 1749 831 1784 summa
855 1729 953 1800 pendet
976 1747 991 1780 a
1016 1727 1038 1778 vi
1066 1726 1239 1778 adversativae

730 1816 874 1889 particulae
884 1819 921 1867 et.
942 1816 1082 1868 Praeterea
1095 1810 1240 1884 πρεσβεύειν

730 1906 800 1957 idem
820 1905 892 1974 quod
918 1906 1010 1963 τιμᾶν,
1037 1913 1066 1954 ut
1084 1900 1239 1970 Lesigraphi

731 1993 948 2060 interpretantur.
967 1987 1009 2040 Cf.
1020 1988 1138 2040 Erfurdt.
1148 1989 1180 2038 ad
1188 1987 1239 2038 So·

732 2076 819 2148 phoci.
830 2073 927 2126 Tracti.
939 2077 1016 2127 1⁰66.
1034 2074 1120 2127 Wolf.
1130 2075 1162 2126 ad
1172 2073 1239 2126 Plu.

730 2164 824 2234 Symp.
843 2165 885 2226 12,
901 2163 926 2214 3.
945 2179 970 2231 p.
986 2163 1028 2214 38.
1059 2161 1134 2214 Adde
1151 2160 1239 2214 Schol.

730 2249 823 2319 Eurip.
841 2248 920 2319 Hipp.
939 2252 964 2301 5.

765 2332 914 2400 Ἔχομίνας]
933 2334 1021 2389 ΡΜ
1037 2337 1152 2401 ἔχομένῳ.
1177 2333 1239 2386 Mox

731 2443 780 2494 pro
800 2412 918 2474 siriam
936 2421 1034 2476 Galeus
1051 2421 1165 2475 malebat
1180 2440 1240 2472 οιιν-
1287 2429 1294 2444 “

731 2517 810 2578 τέχιρι
835 2510 936 2580 legere,
958 2509 1058 2580 quippe
1077 2508 1192 2560 datirurn
1212 2529 1240 2559 er

731 2602 854 2662 ἐχομένας
878 2607 970 2668 aptum
993 2594 1159 2657 desiderans;
1186 2597 1239 2659 ‘'1⁸-

732 2689 799 2738 σθαι
817 2685 887 2737 enim
908 2700 969 2736 curn
994 2681 1016 2734 si
1037 2683 1241 2753 consequentiae

731 2773 832 2826 dictum
852 2781 956 2842 praeter
976 2769 1118 2841 genitivum
1142 2770 1169 2821 in
1190 2769 1242 2822 hoe

732 2879 780 2913 usu
791 2859 938 2913 solemnem
952 2858 1030 2910 etiarn
1043 2857 1157 2909 dativum
1171 2877 1242 2908 non-

731 2965 872 3018 nunquam
897 2945 1025 2997 adsciscit.
1060 2946 1093 2996 V.
1116 2944 1258 2996 Dindori.·

732 3034 764 3086 ad
776 3032 953 3116 Diodor38ic.
963 3031 996 3082 T.
1005 3032 1051 3082 IV.
1065 3051 1090 3100 p,
1099 3036 1159 3083 28⁰.
1188 3033 1241 3083 Sed

732 3117 857 3186 ἐχόμενον,
868 3135 1028 3188 consequens
1035 3127 1085 3174 est,
1094 3118 1165 3169 nude
1174 3135 1242 3187 quo-

733 3227 785 3282 que
799 3205 913 3278 positum
929 3204 1067 3276 reperitur.
1093 3206 1126 3256 V.
1137 3204 1243 3260 Aristot.

733 3296 809 3349 Rhet.
823 3293 867 3359 lli,
882 3297 907 3345 1.
934 3291 1045 3344 Aristus.
1059 3291 1149 3345 Herm.
1166 3313 1190 3362 p.
1201 3295 1242 3347 13.

734 3385 776 3436 19.
787 3386 820 3435 21
831 3381 1006 3434 ed.Meiborn.
1015 3391 1040 3434 et
1050 3381 1154 3452 passim.
1172 3379 1242 3447 Ἔχο-

733 3473 822 3534 μίνοις,
841 3480 1036 3538 consequenter,
1053 3469 1096 3523 hic
1114 3469 1244 3542 simplici-

732 3567 774 3612 ter
790 3557 929 3610 transitum
947 3557 980 3608 ad
996 3575 1090 3610 novam
1105 3559 1244 3611 materiam

732 3644 810 3710 facit,
835 3645 902 3697 sicut
922 3645 1014 3715 eapitis
1032 3649 1066 3697 28
1085 3645 1161 3697 initio
1179 3647 1243 3711 ἶξῆς.

769 3727 903 3784 Ἀπόλλων
922 3727 934 3782 o‘
955 3727 1026 3799 ἥλιός
1045 3731 1125 3796 ἔστιν]
1148 3729 1242 3781 Par.5

736 3816 749 3871 ὅ
766 3818 899 3873 Ἀπόλλων
917 3823 986 3869 ἐστὶν
1005 3814 1017 3866 u‘
1036 3809 1115 3882 ἥλιος.

770 3903 878 3972 αιῗτοιῖς]
898 3904 998 3958 Aberat
1017 3901 1049 3953 ab
1069 3899 1150 3963 Eud..
1171 3917 1244 3951 nunc

735 4005 888 4049 revocatum
907 4011 936 4045 ex
955 3992 1015 4042 Par.
1030 3991 1055 4038 2.
1074 3991 1099 4040 4.
1116 3990 1141 4039 5.
1166 3985 1244 4038 Laur.

735 4086 751 4134 1
772 4091 798 4134 et
816 4085 847 4146 5,
868 4078 1034 4149 approbante
1053 4073 1210 4128 Vitioisono.
