2972 4836
518 371 681 412 -ΧΧΙ
756 385 798 398 -·

102 539 168 597 της
194 509 380 600 φιλόσοφος
401 527 434 579 et
456 531 557 580 cetera
581 539 649 580 cum
666 519 762 582 Suids
784 539 913 600 prorsus
932 520 1198 606 convenientia*).

104 618 296 678 Bmckerus
317 631 421 682 eutem
443 622 489 683 sio
513 621 609 684 vitem
632 621 764 684 Cornuti
785 627 987 706 prosequitur
1008 647 1039 704 p.
1060 627 1138 686 540:

199 721 360 794 „Exilium
393 725 519 786 tsndem
549 747 655 806 pessus
689 739 735 788 est
767 727 961 791 doctissimus
991 731 1195 810 philosophus

107 822 168 880 suls
201 822 348 900 Nerone,
377 825 464 907 quod
493 828 558 888 orie
588 829 733 890 libertate
760 831 979 911 imperatorem
1008 829 1195 893 offendisset.

104 924 223 984 Refert
246 925 330 985 enim
352 925 426 1004 Dio,
448 949 466 988 e
492 928 617 990 Nerone
638 929 671 990 in
691 928 823 992 insulem
847 936 1016 1012 relegatum
1039 947 1070 994 et
1095 951 1194 1014 prope
1259 995 1265 1012 ⁸

106 1028 251 1087 occisum
272 1027 386 1100 luisse,
417 1028 502 1111 quod
525 1051 592 1092 cum
614 1032 701 1092 Nero
722 1034 874 1113 plurimos
896 1036 956 1097 ism
978 1038 1075 1097 libros
1098 1035 1195 1097 versi·

108 1131 171 1189 bus
194 1130 386 1208 scripsisset,
420 1132 459 1194 tle
481 1135 573 1195 rebus
595 1137 689 1214 gestis
710 1137 939 1217 Romanorum,
971 1153 1000 1200 et
1022 1137 1194 1201 adulatori-

109 1235 172 1292 bus
202 1232 408 1296 suadentibus
441 1233 684 1316 quadringentos
715 1238 814 1301 ndlruc
846 1255 924 1303 esset
955 1241 1193 1321 compositurus,

110 1335 253 1396 monitus
282 1348 363 1398 esset
393 1358 412 1397 a
435 1335 592 1414 Cornuto,
620 1337 734 1401 nimios
759 1341 842 1418 lore,
872 1363 973 1424 neque
996 1364 1014 1403 ο
1036 1334 1192 1422 quoquam

112 1436 281 1518 legendos:
304 1459 437 1520 cumque
459 1441 655 1528 nescio-quie
677 1441 835 1518 obiiceret,
858 1443 1079 1525 Chrysippum,
1100 1462 1193 1523 quem

114 1541 180 1619 ipse
207 1539 356 1604 leudibus
388 1543 550 1620 eveheret,
582 1555 613 1604 et
641 1544 728 1608 cuius
756 1556 891 1606 sectator
918 1557 998 1606 esset
1026 1544 1192 1619 Cornutus,

114 1644 207 1706 etiem
231 1646 325 1725 plura
347 1645 507 1707 uolumine
528 1645 696 1725 scripsisse,
718 1666 902 1727 responsum
926 1649 1030 1725 lerret,
1055 1649 1110 1708 illn
1133 1648 1191 1708 uti·

112 1748 155 1807 lie
175 1748 261 1810 niteo
283 1747 444 1808 hominum
466 1767 541 1825 esse,
563 1749 637 1809 lineo
658 1762 760 1810 autern
777 1749 900 1810 inutilia
918 1749 1098 1831 nulliusque
1119 1769 1191 1829 pre-

112 1850 160 1910 tii.
211 1851 252 1911 Et
282 1847 393 1912 Saldae
424 1849 550 1933 quidem
580 1849 807 1934 ἀναιρεθέντα
838 1848 902 1918 οὐν
931 1853 976 1937 τῷ
1009 1851 1192 1930 Μουσωνίῳ

113 1953 210 2032 dicit,
235 1951 320 2036 quoel
343 1974 413 2014 cum
438 1953 483 2013 ite
504 1951 713 2031 intelligerent
737 1953 797 2014 viri
819 1952 919 2030 docti,
944 1953 1114 2033 interfectum
1136 1976 1193 2013 asse

112 2081 183 2119 cum
207 2061 346 2132 Musonio,
376 2051 454 2116 fides
483 2051 554 2116 ideo
581 2051 695 2114 Suidne
725 2053 885 2133 vapulavit
916 2053 1093 2114 doctissimo
1123 2055 1192 2113 lou·

111 2162 162 2222 sio
179 2159 249 2244 m).
297 2161 354 2222 Ast
376 2157 451 2218 licet
475 2157 616 2236 supinum
645 2152 758 2217 Suidee
787 2154 1006 2234 negligentium
1035 2154 1191 2216 multoties

181 2375 220 2442 [“)
238 2373 396 2442 martinius,
421 2373 469 2446 qui
496 2393 520 2444 p.
541 2374 574 2426 ll
601 2381 729 2445 utrosque
753 2373 813 2426 illos
831 2372 966 2428 Cornutus
986 2386 1055 2428 recte
1076 2375 1145 2428 inter
1163 2393 1190 2427 se

113 2463 267 2535 distinguit,
297 2449 405 2521 ositeri
430 2477 539 2533 prorsus
565 2460 716 2515 inducenda
741 2480 796 2515 esse
820 2471 924 2530 censet,
953 2463 988 2516 ita
1009 2473 1037 2516 nt
1054 2462 1190 2533 sequentia

112 2571 212 2605 norum
231 2561 420 2623 argumentum
441 2549 610 2602 constituent.
645 2549 703 2622 Ego
724 2561 826 2616 contra,
846 2548 973 2622 quonism
992 2550 1067 2604 initio
1087 2551 1191 2603 duobus

112 2642 145 2694 «te
163 2641 293 2693 Cornutis
311 2638 408 2692 suidas
429 2655 457 2689 se
481 2635 617 2689 dicturum
642 2638 783 2708 profitetur
807 2636 874 2708 (δύο
900 2638 1070 2709 onyypnnle),
1100 2635 1190 2690 malim

113 2731 210 2801 reponi
227 2730 313 2800 ismae
331 2729 360 2779 dl
377 2727 536 2795 Κορνοῦτος.
574 2723 620 2776 Sic
637 2725 670 2778 erl
688 2725 753 2780 elios
765 2725 944 2796 homonymos
961 2725 1090 2780 transiens
1109 2727 1190 2777 serbo

112 2820 199 2888 ἕτερος
217 2817 314 2890 panim
331 2815 423 2878 utitur,
444 2821 474 2866 nl
491 2832 514 2866 v.
529 2811 684 2877 Ἀντίμαχος
701 2813 733 2866 Τ.
748 2813 768 2865 l.
786 2833 812 2884 p.
825 2816 877 2866 224
895 2825 920 2864 et
939 2817 990 2865 22⁵
1011 2823 1036 2864 et
1055 2831 1075 2863 r.
1095 2808 1190 2863 ’Arol-

112 2903 212 2972 isinse,
233 2925 259 2976 p.
275 2905 328 2957 284
345 2915 371 2957 et
389 2901 461 2956 alibi.
497 2900 624 2955 Ceterum
645 2917 728 2973 quum
747 2899 890 2953 tttsruntus
908 2897 952 2951 tte
971 2899 996 2951 irl
1016 2911 1076 2970 agat
1096 2909 1124 2954 ut
1143 2919 1190 2952 eo-

112 3013 176 3046 rum
196 2994 241 3065 qui
256 2991 366 3045 Cornuti
387 2990 496 3043 nomine
515 2988 585 3060 opud
602 2989 725 3058 antiquos
743 3000 832 3041 nostra
851 2987 979 3040 memoria
998 2987 1053 3039 noti
1072 2985 1190 3050 luissent,

113 3099 255 3135 recensum
273 3080 408 3142 exhibeat,
433 3077 503 3130 iuret
521 3076 570 3129 hec
588 3075 728 3128 occasione
746 3075 783 3128 uti
802 3073 990 3143 Cornutosque
1009 3073 1138 3142 quosdam
1157 3073 1190 3125 ab

113 3191 145 3224 eo
163 3169 276 3222 omissos
293 3167 463 3237 subiungere.
499 3163 651 3219 Cornutum
670 3181 733 3216 eum
753 3159 808 3213 lilio
828 3160 988 3230 cognomine
1005 3159 1108 3212 exhibet
1125 3159 1191 3231 lapis

112 3259 138 3312 in
158 3257 254 3311 ricinis
274 3255 447 3328 Apolloniae,
467 3253 633 3307 Milesiorum
652 3251 685 3305 erl
704 3251 821 3303 Pontum
841 3248 972 3300 Euxinum
993 3247 1127 3314 coloniae,
1148 3269 1191 3302 re-

113 3357 235 3418 pertum,
258 3345 286 3397 in
306 3341 420 3399 Boecih.
439 3343 521 3416 Corp.
540 3344 619 3398 inscr·
637 3341 669 3395 T.
689 3339 719 3392 ll.
739 3359 765 3410 p.
779 3341 823 3394 76.
860 3337 1036 3390 Verecundus
1056 3337 1192 3391 Cornutus

114 3445 280 3486 memorator
296 3432 324 3486 in
342 3431 515 3504 inscriptione
537 3451 564 3485 er
584 3433 643 3484 soro
663 3426 789 3481 Hadriani
809 3427 968 3498 (Voorburg
986 3445 1071 3496 prope
1089 3423 1190 3496 lingum

112 3521 266 3588 Comitum)
284 3519 361 3574 allata
380 3539 395 3573 n
414 3517 537 3572 Reinesio
555 3517 632 3592 Synt
653 3518 731 3572 inscr.
752 3517 772 3582 l,
792 3518 851 3568 tou.
877 3535 902 3585 p.
922 3515 983 3566 1⁸2.
1024 3516 1191 3583 Kopremius

111 3609 271 3680 Sinopensis
288 3619 367 3662 exstet
385 3609 413 3661 in
433 3607 535 3680 lupide,
555 3607 657 3679 Syllog.
677 3607 755 3661 inscr.
774 3625 800 3676 p.
817 3606 888 3671 utu]

173 3699 225 3765 ['')
244 3699 277 3750 V.
293 3695 449 3750 Martinium
469 3695 483 3748 l.
504 3715 526 3747 c
552 3715 577 3766 p.
597 3699 647 3760 28,
675 3695 721 3766 qui
740 3692 863 3757 coniicit,
891 3692 917 3744 in
938 3691 1058 3764 Gyarum
1078 3689 1189 3742 insulam

113 3787 266 3839 Cornutum
285 3785 432 3856 relegatum
452 3805 466 3838 a
484 3783 592 3837 Nerone
610 3783 708 3852 tuisse]

172 3875 224 3940 m)
241 3874 284 3926 lle
303 3893 355 3927 scr.
373 3873 431 3926 hist.
451 3870 515 3946 phil.
530 3873 575 3936 ΙΙΙ,
593 3875 619 3925 t.
638 3891 663 3944 p.
679 3875 740 3926 lli.
778 3871 858 3938 [Tota
877 3869 926 3923 hac
945 3887 973 3920 re
992 3861 1191 3919 difficultatibus

115 3959 252 4015 nonnullis
275 3961 390 4015 obnoxia
413 3960 555 4032 diligenter
578 3978 723 4032 perpensa,
750 3957 890 4012 Martinins
918 3977 942 4026 p.
961 3957 995 4007 3⁰
1014 3971 1068 4023 seq.
1092 3951 1189 4018 statuit,

115 4069 213 4102 annum
235 4049 315 4103 luisse
336 4047 523 4120 sexagesimum
544 4059 675 4113 octauum,
694 4065 749 4118 quo
770 4045 907 4098 Cornutus
925 4043 952 4092 in
972 4039 1076 4094 erilium
1099 4041 1192 4093 missus

116 4150 194 4203 esset,
222 4139 250 4191 in
276 4157 329 4210 quo
355 4151 506 4209 temporum
528 4136 726 4208 computatione
745 4143 770 4184 et
790 4151 838 4184 nns
855 4127 961 4182 interim
984 4127 1190 4201 acquiescimus:

115 4224 282 4298 ἀναιρεῖσθαι
306 4237 395 4281 aulem
419 4225 483 4279 ittut
510 4223 535 4278 in
563 4221 687 4296 speciosis
710 4219 781 4292 opud
805 4217 915 4273 Suidam
940 4219 1024 4273 serbis
1045 4216 1191 4289 ἀναιρεθεὶς
