2818 4860
432 360 494 394 '—
538 349 602 410 4⁹7
645 383 688 396 -

20 529 57 578 ιιι
85 514 251 580 Bruckeri
280 515 376 578 verba
403 534 568 596 usurpem,
595 516 726 580 liberam
752 535 819 580 esse
839 513 896 576 dei
918 514 1122 592 voluntatem,

20 631 80 681 nat
106 617 404 682 determinationem
425 616 566 680 bonitate
597 630 628 680 et
656 617 809 700 sapientia
831 616 936 680 nixam
945 660 956 695 ,
983 615 1038 681 scd
1068 639 1122 679 ne·

20 721 201 784 cessariam
228 741 388 783 esumrum
419 731 450 782 et
480 733 650 786 eventuum
679 734 836 798 catenam,
866 733 899 784 et
927 743 967 784 ex
996 721 1121 784 interna

19 823 264 885 combinatione
282 841 428 904 nexuque
449 821 588 886 allectam
607 826 766 908 sequelam
785 845 842 886 uec
863 825 924 888 nisi
943 837 1014 905 post
1030 823 1122 888 Chri·

19 937 112 986 stum
143 937 252 986 natum
280 923 401 986 Stoicos
429 925 462 986 in
489 923 631 989 doctrina
658 927 697 990 de
719 926 919 1008 providentis
943 924 995 988 dci
1017 927 1121 989 verbis

19 1028 91 1088 suis
122 1029 380 1108 attemperatione
412 1029 544 1112 propius
573 1028 756 1112 disciplinae
786 1028 1054 1104 citristianorum,
1087 1049 1122 1090 ac

20 1131 130 1190 iatum
156 1130 191 1190 in
216 1129 447 1210 providentiam
469 1132 654 1209 mutavisse,
682 1143 714 1196 et
736 1134 894 1210 eleganter
915 1129 954 1192 de
978 1151 1015 1194 ea
1039 1150 1122 1194 com·

19 1243 191 1294 mentatos
217 1251 300 1309 ease,
327 1231 407 1294 nibil
434 1245 554 1310 tamen,
581 1231 703 1316 inquit,
732 1229 837 1316 quoad
866 1253 932 1294 rem
958 1231 1057 1312 ipsam
1086 1234 1119 1296 in

20 1333 139 1396 Stoico
161 1345 328 1414 systemate
351 1346 523 1410 mutantes,
556 1333 608 1396 sed
631 1333 849 1418 providentiae
872 1353 948 1398 voce
969 1333 1119 1396 epithec-

23 1437 105 1498 tatis
129 1437 302 1528 assertione
326 1436 455 1502 eaodem
476 1457 570 1520 quam
592 1435 789 1518 Chrysippus
815 1435 1027 1500 necessitatem
1050 1437 1121 1498 rini-

24 1540 115 1603 verei
137 1527 339 1620 innitentes,
366 1561 435 1604 cum
458 1540 618 1616 viderent,
645 1538 772 1618 impiam
795 1549 826 1600 et
846 1537 1010 1601 absurdam
1032 1559 1118 1602 stram

23 1639 69 1702 de
88 1642 275 1706 necessitato
295 1641 466 1708 doctrinam
487 1641 703 1706 edoctoribus
719 1640 904 1704 Christianis
922 1641 1011 1702 facile
1029 1661 1119 1704 sver-
1191 1717 1199 1728 ,

23 1765 95 1808 sam
121 1745 226 1807 luisse.
273 1744 337 1808 Sed
358 1747 408 1810 rel
430 1745 589 1810 Ciceronis
612 1756 771 1824 tempore,
799 1763 816 1806 s
839 1743 930 1806 Balbi
955 1743 1060 1807 verbis
1085 1743 1117 1806 in

24 1845 170 1908 secundo
199 1845 239 1908 de
267 1860 379 1909 natura
406 1846 536 1909 deorum
564 1846 647 1908 libro
677 1845 751 1906 satia
779 1857 928 1926 apparet,
959 1856 1117 1907 nontam

25 1949 162 2028 impiam
182 1960 213 2010 et
236 1946 400 2009 absurdam
423 1947 516 2010 luisse
538 1966 645 2010 eorum
664 1946 703 2008 de
718 1945 917 2027 providentia
933 1946 1118 2020 doctrinam,

28 2048 118 2132 quod
141 2049 286 2130 pluribus
308 2049 437 2132 exsequi
458 2069 636 2129 possemus,
667 2048 728 2112 niti
748 2048 885 2110 instituti
910 2048 992 2110 ratio
1013 2049 1117 2112 obsta·

27 2164 96 2228 ret,
125 2164 156 2212 et
179 2149 350 2231 prudentes
373 2150 528 2215 declinare
549 2152 701 2215 vellemus
722 2150 868 2230 scopulos
891 2143 970 2214 iilos¹
990 2150 1115 2212 naufra-

28 2255 89 2333 giis
107 2253 250 2330 irrisores,
271 2266 302 2316 et
321 2253 390 2316 illas
411 2253 512 2316 divini
534 2253 651 2318 decreti
672 2266 702 2314 et
723 2254 817 2316 liberi
839 2251 975 2314 hominis
992 2253 1116 2314 arbitrii

29 2357 167 2439 Scyllam
190 2367 222 2418 et
244 2355 452 2438 Charybdim,
483 2355 522 2420 ad
548 2377 682 2440 quorum
703 2358 907 2436 alterutrum,
942 2355 1017 2420 dum
1037 2358 1116 2418 alte·

30 2479 103 2521 rum
132 2460 233 2521 vitare
264 2460 409 2540 cupiunt,
442 2459 508 2522 iera
538 2479 661 2541 semper
689 2473 839 2524 corruunt
868 2459 1054 2542 praecipites
1084 2473 1114 2522 et

32 2560 225 2625 colliduntur
246 2574 364 2624 mentes
384 2564 536 2622 humanae
558 2563 591 2624 in
618 2566 728 2644 pelago
749 2565 910 2641 immenso,
934 2564 1019 2624 inter
1039 2581 1116 2643 opa-

32 2686 85 2727 cas
114 2667 256 2728 tenebras
283 2676 314 2726 et
343 2661 456 2726 densae
484 2664 584 2726 noctis
608 2666 772 2728 horrorem
794 2664 896 2728 sentis
919 2660 1114 2728 discordibus

31 2769 179 2844 iactatae,
200 2768 262 2830 nisi
283 2766 359 2830 fidet
379 2767 506 2828 amicam
530 2767 685 2846 praeierat
705 2765 812 2828 lacem.
1066 2749 1075 2760 “

119 2871 276 2934 Immerito
298 2871 484 2932 Plutarchus
502 2867 528 2954 ²)
556 2869 590 2932 in
619 2870 678 2930 hoc
704 2890 722 2930 a
747 2879 845 2930 semet
867 2867 944 2948 ipsis
964 2863 1115 2930 dissiden-

35 2985 82 3036 tes
102 2983 133 3034 et
154 2971 362 3054 discrepantes
382 2971 489 3034 videre
508 2971 569 3036 sibi
591 2971 675 3036 risus
696 2983 744 3034 sat
766 2970 904 3047 Stoicos,
929 2967 1033 3051 quod,
1057 2966 1114 3049 qui

35 3073 171 3136 dicerent
192 3094 244 3134 ren
266 3087 387 3136 nostras
409 3073 516 3138 divina
538 3073 751 3138 administrari
771 3070 986 3154 providentia,
1018 3066 1114 3130 iidem

38 3190 138 3236 tamen
159 3173 241 3236 baud
264 3177 461 3257 ignorarent,
484 3197 540 3242 not
562 3176 595 3240 iu
615 3177 654 3240 iis
676 3175 788 3255 degere
809 3174 915 3250 malis,
935 3184 989 3251 ut,
1009 3170 1038 3234 si
1058 3168 1115 3249 dii,

38 3286 150 3340 mutata
171 3280 333 3356 sententia,
354 3281 444 3342 nobis
464 3282 582 3344 melum
601 3301 637 3342 ac
659 3277 830 3360 perniciem
851 3275 964 3340 aiierre
986 3274 1114 3350 vellent,

40 3400 94 3442 nos
115 3377 190 3441 adeo
215 3379 356 3442 funditus
378 3395 537 3461 evertere,
566 3403 601 3444 ae
621 3379 840 3464 pessumdare,
869 3379 949 3442 nihil
969 3377 1040 3440 aliis
1062 3393 1114 3438 oc·

40 3492 188 3558 curreret,
221 3479 307 3563 quod
327 3483 443 3546 nostris
464 3496 592 3564 possem
613 3481 747 3547 adiicere
773 3482 923 3559 miseriis,
954 3477 1113 3557 cumipse

41 3584 226 3667 Chrysippus
248 3583 325 3645 nihil
350 3583 389 3646 ad
412 3585 538 3648 huiusce
559 3586 659 3664 vitas,
688 3607 781 3669 quam
804 3584 956 3661 vivimus,
977 3580 1060 3642 nacla
1080 3588 1113 3638 et

43 3688 244 3750 infelicitatem
268 3687 413 3752 accedere
434 3689 495 3750 iam
521 3709 612 3769 posse
633 3689 827 3752 confiteatur.
870 3686 922 3750 Sic
941 3678 1111 3746 cumidem

44 3790 226 3872 Chryaippus
255 3788 353 3864 dicat,
384 3789 469 3872 quod
500 3789 678 3854 Christiano
709 3791 835 3853 homins
863 3781 1112 3864 indignissimum

45 3904 101 3967 est,
122 3892 215 3966 nihil,
241 3911 280 3952 ne
300 3892 462 3954 minimum
485 3891 612 3974 quidem
634 3892 726 3952 aliter
748 3890 817 3951 lieri
837 3905 928 3968 posta
949 3903 1043 3965 quom
1064 3902 1112 3946 οῦ·

45 3991 165 4053 cundum
186 3991 237 4052 dei
258 3992 411 4053 rationem
434 4005 465 4054 et
487 3991 734 4074 providentiam,
765 3991 851 4052 cuius
872 3985 1041 4051 constituto
1064 4003 1112 4048 ts·

45 4133 315 4146 -—-————·-—-

109 4209 136 4278 l)
153 4207 191 4261 lle
210 4206 293 4262 Stoic.
311 4224 424 4278 repogn.
442 4225 468 4277 p.
486 4210 565 4262 lost.

788 4307 828 4368 32
