2972 4836
701 373 742 386 -··
794 357 887 400 xxxtt
937 371 979 386 -

293 507 351 566 hoc
372 503 439 568 MS.
462 503 579 568 inclusa
602 506 751 588 opuscula
772 505 937 584 recensuit,
963 507 1100 569 Thoosae
1121 504 1274 586 Magistri,
1297 504 1383 566 Am·

293 607 408 683 monii,
440 607 700 687 Harpocrationis
723 618 799 685 eto,
835 608 868 670 in
899 609 958 670 hoc
986 607 1101 671 desinit
1128 609 1165 671 Τ.
1186 610 1210 669 1.
1239 629 1271 687 p.
1291 609 1383 671 256:

293 721 465 792 „praeeunt
492 709 630 773 sottus
656 709 823 790 allegoriae
846 719 877 772 st
899 709 1113 793 physiologiae
1135 709 1174 772 de
1195 709 1384 772 nominibus

294 813 436 874 deoruur.
489 811 561 874 init.
590 807 734 894 οιίρονός
763 811 907 899 περιέχει
935 805 1043 898 κύκλῳ
1072 809 1135 896 τήν
1162 811 1260 896 γῆν,”
1293 831 1384 893 quae

294 917 396 997 prima
417 927 488 979 sunt
511 913 645 976 Cornuti
667 915 779 978 verbu
808 911 893 996 quod
915 911 1126 976 doctissimum
1148 913 1279 994 catalogi
1301 933 1385 976 con·

294 1021 446 1082 sectorem
474 1018 588 1096 fugisse
617 1014 767 1100 miror*).
821 1015 872 1078 Sic
898 1015 1042 1078 Valesius
1071 1013 1111 1078 ad
1137 1015 1264 1077 Eusehii
1292 1015 1384 1076 Hist.

296 1124 403 1185 eccles.
424 1121 481 1198 VI,
503 1123 545 1182 19
567 1119 659 1196 dicit,
680 1137 713 1180 aa
735 1119 817 1180 htsuc
838 1118 971 1181 Cornuti
992 1119 1133 1180 libellum
1155 1119 1230 1181 olim
1251 1137 1308 1182 ott.
1329 1119 1385 1181 ui·

295 1223 377 1286 disse
398 1224 432 1284 in
454 1222 530 1284 bibt
549 1221 749 1298 Memmiana,
767 1219 822 1282 sed
844 1221 965 1284 nulium
986 1221 1080 1284 fuisse
1100 1241 1213 1284 nomen
1230 1220 1385 1294 auctoris,

296 1339 328 1387 et
355 1324 443 1388 addit
472 1345 512 1385 ex
542 1342 579 1384 eo
608 1323 691 1385 libro
720 1342 871 1404 apparere
894 1320 1069 1386 Cornutum
1094 1323 1257 1403 allegorias
1279 1336 1385 1386 secta·

295 1439 364 1490 tuor
383 1429 494 1505 fuisse,
519 1445 627 1508 quaro,
647 1425 760 1508 inquit,
781 1425 974 1506 Porphyrius
993 1426 1106 1488 merito
1126 1427 1216 1488 ilium
1236 1437 1384 1490 οοοοοεοε

210 1531 215 1546 “
295 1531 380 1591 inter
402 1529 625 1610 philosophos,
647 1527 703 1607 qui
723 1526 954 1606 tropologicum
975 1547 1097 1590 sensum
1119 1528 1311 1592 adamarunt.

383 1629 548 1702 Cornelius
571 1627 693 1688 Tollius
722 1629 756 1688 in
776 1626 973 1690 Praefationa
1002 1629 1143 1710 praefixa
1171 1649 1244 1692 suaa
1269 1631 1383 1692 Palae-

296 1733 387 1815 phati
408 1729 540 1793 editioni
560 1725 799 1811 (Amstelodami
823 1727 940 1815 1619),
967 1731 1001 1792 in
1023 1753 1086 1814 qua
1105 1733 1319 1810 Phornutunr,
1342 1745 1383 1794 ut

296 1845 433 1911 uocat,a
454 1852 487 1894 ae
507 1829 696 1892 recensitum
717 1830 901 1912 propediem
923 1833 1124 1914 proditurum
1144 1835 1228 1897 iuras
1249 1834 1383 1915 pollice·

296 1950 349 2000 tur
370 1932 470 2021 (quod
491 1952 554 1995 uon
573 1933 860 2019 praestitit),.dicit
882 1934 931 1996 Cl.
951 1935 1136 2000 Salmasium
1158 1957 1197 1998 ex
1218 1936 1319 2000 veteri
1340 1935 1383 1996 ti-

298 2042 356 2102 hro
385 2036 577 2100 Londinensi
607 2036 668 2098 sibi
697 2035 943 2118 suppeditavisse
971 2040 1126 2102 Phornuti
1153 2040 1381 2120 apographum,

297 2155 330 2204 et
357 2138 514 2203 contendit
537 2157 647 2202 uerum
677 2139 804 2200 huiusce
832 2143 936 2226 operis
966 2143 1093 2204 titulum
1119 2160 1185 2204 esse
1214 2143 1288 2224 napi
1318 2144 1383 2225 τῆς

296 2238 500 2324 Ἑλληνικῆς
521 2238 723 2320 θεολογίας,
750 2257 814 2301 non
841 2254 878 2303 ut
898 2244 994 2323 uulgo
1018 2243 1094 2326 περί
1115 2241 1175 2326 τῆς
1194 2243 1262 2306 τείν
1283 2247 1383 2309 θεῶν

298 2341 436 2427 φύσεος.
479 2340 547 2400 Ηοο
569 2336 720 2401 didicerat
747 2361 765 2400 e
786 2341 999 2421 Theodoram,
1021 2365 1040 2404 a
1061 2361 1125 2426 quo
1146 2355 1177 2407 ct
1197 2342 1302 2406 doceri
1323 2343 1381 2406 ds·

297 2442 431 2518 huisset‚
453 2461 562 2504 verum
584 2453 743 2503 auctorem
765 2463 830 2504 esse
852 2444 1042 2522 Cornutum,
1069 2464 1131 2507 non
1154 2456 1258 2507 autem
1277 2447 1379 2509 Phor-

297 2556 420 2606 nutum.
456 2541 507 2604 Sic
520 2543 602 2604 enim
617 2546 712 2608 hahet
726 2542 940 2608 Theodoretus
953 2546 1088 2628 Therap.
1100 2547 1200 2610 Serm.
1213 2549 1250 2611 ΙΙ.
1262 2573 1295 2630 p.
1304 2552 1378 2628 5⁰2,

298 2647 353 2710 uhi
373 2645 545 2708 Cornutum
566 2647 651 2708 inter
674 2667 726 2710 eos
747 2660 904 2725 recenset,
926 2649 982 2731 qui
1005 2647 1044 2710 de
1065 2651 1223 2713 veteribus
1246 2653 1377 2734 scripse·

297 2750 363 2810 rint
376 2747 540 2827 theologiis
557 2760 599 2826 et,
619 2749 705 2831 quod
722 2750 839 2814 Nostro
856 2751 1119 2832 perhonorificum
1137 2767 1193 2832 est,
1214 2775 1282 2819 cum
1300 2756 1377 2818 San·

299 2850 516 2928 chuuiothous,
536 2852 737 2929 Manethoue,
756 2852 903 2931 Hesiodo,
924 2852 1052 2936 Orpheo
1074 2869 1106 2918 et
1128 2856 1246 2922 Cadmo
1264 2858 1377 2943 (quali-

297 2953 355 3014 hus
381 2963 412 3014 et
435 2953 559 3034 quantis
582 2953 673 3040 viris)
700 2967 883 3018 anntrmerst
911 2968 943 3018 et
971 2958 1148 3038 coniungit:
1178 2962 1376 3046 Κοργοοεος

299 3053 334 3121 di
367 3052 384 3120 o‘
420 3051 602 3141 φιλόσοφος
635 3052 698 3143 τὴν
727 3053 935 3143 Ἑλληνικήν
967 3062 1153 3145 θεολογίαν
1184 3066 1376 3149 temtos-xe.

298 3156 456 3219 Consonat
477 3157 580 3240 Etym.
602 3161 648 3222 hl.
677 3183 711 3241 p.
732 3163 796 3223 408
824 3160 858 3222 in
887 3156 996 3241 Ζεείς,
1028 3164 1083 3226 ubi
1112 3164 1219 3228 eodem
1250 3189 1375 3249 prorsus

298 3256 391 3320 modo
413 3270 444 3318 et
467 3257 593 3322 titulum
614 3262 718 3342 operis
741 3275 772 3324 et
794 3277 952 3325 auctorem
974 3266 1018 3326 sic
1040 3263 1196 3348 designat:
1222 3267 1375 3356 Κορνοῦ-

298 3357 413 3443 εος**)
437 3363 474 3426 ἐν
496 3361 539 3445 τῷ
563 3363 638 3445 περί
658 3357 862 3449 Ἑλληνικῆς
883 3367 1073 3450 θεολογίας,
1094 3379 1125 3430 et
1148 3371 1243 3432 verba
1262 3370 1373 3434 ibidem

306 3499 583 3515 *mnu—pana·

369 3573 393 3643 ⁴)
413 3573 465 3641 [Da
484 3573 535 3628 hoc
557 3575 659 3628 Veneto
679 3575 772 3629 codice
789 3596 811 3631 r.
829 3577 1046 3651 praefationem]

359 3661 395 3730 '')
413 3661 568 3716 Notandum
591 3663 737 3734 pretiosum
759 3663 874 3720 Cornuti
897 3667 1079 3740 fragmentum
1099 3671 1197 3725 servan·
1221 3692 1236 3725 a
1260 3671 1373 3730 Stohaeo

297 3749 355 3804 Eci.
372 3750 448 3823 phys.
466 3771 493 3823 p.
507 3754 575 3818 116,
595 3751 641 3825 qui
660 3771 722 3805 sum
741 3765 816 3808 vocet
833 3758 1016 3826 Κοογεοίιτον,
1036 3777 1091 3811 uon
1109 3770 1199 3812 autam
1217 3761 1372 3830 Κορνοῦτον.

298 3837 411 3904 [Eadem
436 3839 481 3893 itta
507 3841 624 3897 nominis
642 3838 728 3895 forma
748 3843 862 3897 recurrit
880 3844 907 3896 in
926 3842 1016 3898 Schoi.
1034 3844 1180 3916 Aphthonii
1199 3866 1242 3920 ap.
1259 3849 1371 3922 Spengel

298 3925 355 3980 Art.
372 3929 461 4000 script.
479 3948 504 4000 p.
521 3935 581 3985 ²25.
617 3928 704 3982 Wah.
722 3929 798 3984 ittet.
818 3929 865 3984 Gr.
883 3932 915 3986 T.
928 3932 959 3985 11.
978 3953 1004 4005 p.
1016 3935 1068 3988 631
1087 3944 1113 3989 et
1129 3935 1158 3988 in
1177 3935 1254 3989 tituio
1268 3936 1372 3992 Grutcri

298 4025 331 4084 p.
342 4015 403 4080 633,
423 4019 456 4081 9,
475 4017 551 4070 cuius
569 4017 630 4072 ioco
648 4016 804 4086 Martinius,
823 4018 870 4090 qui
887 4017 967 4072 aises-t
985 4039 1012 4092 p.
1029 4024 1080 4090 19,
1098 4025 1249 4095 Κορνοῦτος
1267 4023 1371 4081 exhibet.

298 4100 329 4152 in
348 4100 458 4154 Tsetaae
476 4103 584 4175 Exegeai
602 4107 630 4160 in
649 4106 722 4160 iliad.
745 4109 804 4178 pi
830 4107 871 4161 ed.
894 4107 984 4162 Herm.
1011 4122 1089 4166 exstat
1113 4115 1294 4182 Kpovvoiror,
1319 4131 1370 4168 noo

297 4189 458 4258 Κρονοῦεος,
477 4201 506 4244 ut
522 4193 605 4245 refert
619 4192 761 4248 Martiniuc
779 4215 804 4266 p.
817 4197 843 4261 d,
862 4193 987 4266 idemque
1006 4198 1095 4252 sitium
1115 4199 1141 4251 in
1158 4197 1248 4252 indice
1264 4198 1371 4271 scripto-
