2932 4878
507 301 742 362 -523-

21 485 33 527 s
87 472 161 532 dem.
204 464 352 530 Vidimus
372 463 509 528 Plinium
525 463 552 550 1)
573 464 703 542 dixisse,
724 463 825 528 sidera
848 465 916 547 ipsu
938 479 987 530 tot
1009 480 1038 530 st
1061 480 1164 532 tuntas

18 591 32 628 α
86 568 307 650 magnitudinis
334 587 450 632 occano
477 568 580 650 pasci,
611 567 696 649 quod
726 571 801 632 solis
828 571 994 651 proprium
1020 585 1103 648 erat,
1135 583 1184 632 ct·

20 687 32 726 t
87 673 161 734 alibi
176 670 205 756 Ω)
227 673 424 749 observasse,
456 673 531 734 hacc
553 669 661 732 uadem
683 670 785 732 sideru
814 672 896 734 baud
919 670 1012 734 dubie
1034 676 1165 734 immons

87 788 214 838 terreno
236 775 335 855 pasci,
359 793 423 856 quo
446 791 511 834 non
534 773 635 834 solum
657 783 755 850 astru,
776 773 831 834 scd
854 774 947 834 etium
970 777 1016 836 sol
1039 787 1069 835 ct
1092 775 1167 836 luno

87 879 253 960 praecipue
267 877 533 940 sustentabantur.
576 874 693 938 Seneca
705 874 747 958 ὅ);
772 879 870 942 Tutum
886 879 939 940 ltus
955 881 1070 954 coelum,
1091 879 1168 960 quud

18 979 20 1018 ἶ
85 988 181 1059 rituam
201 983 313 1057 oetier,
345 983 445 1044 mundi
462 1004 575 1044 summu
593 1001 680 1063 pura,
713 981 837 1056 claudit,
870 1002 963 1042 omnes
985 982 1167 1056 locatellus,

20 1085 23 1091 ’
87 1101 208 1165 quorum
229 1088 294 1144 iniri
312 1103 366 1144 non
383 1097 473 1166 potest
495 1107 635 1160 numerus,
658 1087 744 1144 omnis
765 1085 809 1144 lu'o
832 1085 985 1144 coelestium
1007 1097 1111 1160 coctus,
1131 1098 1167 1159 et,

18 1187 29 1242 '.
87 1199 116 1248 ut
143 1190 206 1254 aliu
230 1199 426 1269 praeteream,
456 1189 501 1250 lu'c
529 1200 589 1250 tam
616 1208 704 1268 prope
725 1209 746 1247 σ
769 1189 846 1248 nobis
867 1208 954 1264 σμασι
979 1207 1091 1246 cursum
1117 1189 1167 1262 sol,

87 1294 162 1350 omni
187 1299 328 1350 terrarum
356 1291 462 1352 ambitu
492 1311 547 1352 uon
572 1293 658 1350 ssmcl
682 1297 791 1367 maior,
822 1293 982 1352 alimentum
1003 1309 1040 1348 ια
1057 1300 1167 1350 terreno

85 1393 211 1465 trabunt,
232 1403 257 1452 ct
278 1396 351 1454 inter
370 1397 590 1474 concutiuntur,
610 1413 659 1452 uso
682 1393 735 1454 ullo
757 1395 812 1453 uliu
833 1394 945 1466 scilicet,
971 1411 1057 1473 quum
1077 1391 1167 1450 lulalu

18 1521 19 1526 ¹
84 1506 227 1556 terrarum
247 1501 428 1568 commeatur,-
449 1496 502 1556 Ιισα
523 1497 576 1556 illis
596 1497 766 1570 alimentum,
787 1497 831 1556 isio
848 1507 948 1576 pastus
969 1506 1019 1556 cst.
1062 1491 1113 1552 Sic
1135 1504 1167 1552 ct

87 1593 245 1656 Cornutus
259 1594 287 1679 4)
310 1595 395 1674 dicit,
417 1609 531 1658 terram
551 1615 610 1676 pro
633 1595 835 1660 lundumcnto
857 1597 1043 1658 substratum
1063 1593 1167 1670 luisse,

18 1705 24 1762 ’ς
86 1709 117 1757 et
139 1698 256 1758 abhuc
278 1697 363 1758 nasci
385 1719 483 1780 caque
506 1699 548 1759 uli
570 1698 692 1759 omnia:
716 1699 905 1783 γινομένων
927 1699 982 1764 καὶ
1001 1697 1165 1778 conquati-

18 1873 19 1884 χ
85 1819 153 1862 νων
174 1798 339 1864 ἐντεῦθεν
361 1793 521 1874 πάντων,
550 1810 580 1858 ct
604 1798 680 1860 alibi
697 1796 724 1883 ⁵)
747 1798 785 1860 tls
805 1800 863 1860 lmc
885 1797 991 1860 cadem
1014 1809 1099 1858 terra
1121 1799 1168 1858 lo-

87 1917 204 1979 quens:
228 1891 271 1962 cci
293 1900 384 1982 αι’ρα
409 1894 452 1964 cci
476 1903 511 1966 έν
534 1901 578 1986 τῷ
600 1897 712 1984 κόσμῳ
731 1903 897 1968 ἐντεῦθεν
919 1899 1092 1982 ιρέφιιαι,
1114 1900 1167 1964 aul

18 2037 20 2068 ι
86 1995 142 2066 διαὶ
169 1998 302 2082 ταύτην
330 1997 534 2083 ὑφέστηκεν,
565 2002 619 2062 ubi
646 2003 716 2084 quis
738 2003 819 2064 lorts
841 2005 945 2081 legere
968 2010 1102 2061 tentaret
1124 1993 1166 2064 cci

85 2105 223 2184 ἔμπυρα
256 2121 323 2162 cum
355 2101 483 2162 Laertio
516 2101 700 2188 dicentess),
738 2106 926 2188 τρέφεσθαι
955 2096 997 2168 ul
1029 2107 1166 2182 α”μιισρα

85 2203 204 2270 ταῦτα.
259 2203 402 2284 Denique
432 2202 516 2264 idem
546 2203 704 2267 Cornutus
733 2205 808 2268 alibi
823 2205 852 2290 ⁷)
880 2208 959 2267 itanc
981 2203 1073 2264 affert
1096 2222 1167 2262 cau·

85 2323 160 2384 sam,
182 2311 240 2366 cur‘
259 2307 307 2366 sol
328 2307 446 2386 Apollo
468 2305 607 2370 dicatur:
633 2309 687 2374 sui
707 2302 773 2392 ναέρ
791 2303 851 2375 ἰὁν
868 2305 1065 2376 ἀπολλύντα
1082 2301 1168 2370 tuti·
1214 2291 1216 2298 ‚

85 2429 148 2489 ιην
169 2404 234 2490 criu
254 2401 485 2491 διακόσμησιν,
506 2411 665 2475 τοιοῦτον
685 2411 785 2485 εἶναι,
809 2405 864 2478 διδ
885 2411 1008 2476 cousus
1032 2405 1169 2489 διατμί-

87 2513 156 2588 ζειν
184 2508 241 2591 (sic
270 2510 338 2586 lego
369 2527 437 2568 cum
471 2509 598 2588 optimis
628 2509 718 2572 codd.
749 2530 808 2590 pro
839 2507 893 2576 διδ
920 2511 981 2576 soti
1005 2503 1169 2591 νομίζειν)

86 2601 305 2682 ἀδιαλείπτοις
333 2607 510 2678 nunctum
536 2607 642 2692 αὐτῆς
670 2606 708 2677 ἰδ
737 2605 862 2694 α’γρὸν,
896 2611 950 2678 stul
983 2611 1027 2695 σῷ
1054 2607 1167 2690 αἰθέρι

85 2707 409 2791 ιιροσιιαιαασῖιτιιν.
457 2711 618 2798 διααααθ)
651 2711 830 2790 contendit,
864 2734 881 2774 c
907 2713 994 2774 coelo
1024 2723 1055 2772 ct
1085 2721 1168 2769 terra

85 2810 232 2874 alimenta
255 2813 399 2874 omnibus
423 2813 627 2892 animalibus,
649 2815 793 2876 omnibus
816 2815 907 2892 sutis,
929 2815 1073 2876 omuibus
1095 2811 1168 2872 stel-

85 2911 123 2972 lis
145 2911 256 2976 dittidi.
300 2917 536 2999 liiucuquidquid
557 2931 597 2979 cst
618 2923 726 2992 virium,
754 2916 868 2997 inquit,
889 2921 1012 2995 singulis,
1033 2920 1095 2977 luirc
1117 2919 1169 2996 ipsi

85 3019 187 3078 mundo
216 3029 276 3078 tam
305 3019 395 3078 multu
422 3024 547 3096 poscenti
570 3020 812 3093 sutnstntsuntnr,
839 3022 902 3080 Ιαίισ
921 3019 1081 3101 profertur,
1112 3037 1167 3096 ιμια

84 3123 273 3180 sustineantur
293 3130 333 3180 tot
356 3120 472 3195 sideru,
505 3131 565 3181 tum
587 3126 762 3195 exercitata,
791 3132 852 3180 tum
882 3124 983 3196 uuella,
1013 3143 1066 3200 per
1094 3119 1166 3178 clt'cm

84 3233 263 3304 noctemque,
296 3233 326 3281 ut
353 3227 381 3281 in
409 3243 507 3301 opere,
539 3228 581 3284 itu
602 3235 628 3282 ct
650 3227 677 3281 in
696 3233 797 3303 paslm-
835 3221 889 3281 ubi
918 3220 1035 3282 indicat
1065 3217 1167 3280 sidera

86 3317 196 3384 Stoicis
222 3341 287 3384 csse
310 3320 471 3400 animalia,
494 3322 578 3404 quod
602 3323 684 3384 inira
710 3322 1000 3386 demonstrabimus.

86 3463 371 3476 *Ἥ

87 3533 193 3588 Pacuuii
207 3537 332 3606 uersibus,
346 3558 414 3611 quos
424 3549 482 3610 post
493 3537 659 3612 scaligerum
675 3538 708 3592 ad
719 3540 869 3592 Varronem
881 3557 908 3610 p.
920 3540 953 3592 tt
966 3547 992 3589 st
1005 3532 1168 3588 Gatalcerum

87 3620 113 3672 in
132 3621 221 3678 lllarc.
238 3623 339 3679 Anton.
354 3627 402 3693 lV,
419 3628 463 3681 23.
482 3627 632 3681 emendarit
649 3623 842 3681 Valckenarius
858 3625 980 3680 Distribe
999 3643 1021 3676 c.
1038 3626 1063 3675 6.
1082 3639 1109 3690 p·
1122 3623 1168 3680 47·

88 3706 197 3778 iegitur:
215 3713 330 3765 indidem
348 3716 491 3787 eademque
509 3717 635 3769 oriuntur
653 3717 685 3767 rte
703 3718 808 3786 integro
825 3723 909 3785 atquc
927 3711 1015 3764 codem
1033 3707 1166 3758 occidunt.

89 3795 370 3860 [PraciritVilluisono
384 3804 537 3872 Lambinus,
555 3805 630 3858 cuius
644 3803 785 3857 lectionem
801 3819 889 3872 nuper
902 3796 1017 3867 succepit
1027 3791 1168 3858 orsitus}

158 3885 188 3955 1)
207 3887 239 3940 Η.
259 3887 290 3942 N.
310 3891 343 3955 ll,
363 3893 406 3943 68.
652 3890 681 3956 2)
700 3886 765 3940 ibid.
786 3889 819 3954 ll,
838 3891 862 3940 s.

158 3973 189 4040 3)
207 3975 316 4042 Quacst.
336 3987 390 4030 nat.
409 3977 453 4040 Vl,
472 3980 514 4032 16.
651 3976 683 4043 t)
702 3971 768 4044 Cap.
789 3977 815 4028 6.
834 3993 860 4044 p.
877 3973 958 4025 tusa

158 4061 189 4128 6)
207 4061 273 4134 Cap.
292 4067 333 4117 ²8.
354 4083 380 4135 p.
399 4067 460 4118 208.
652 4062 683 4129 6)
701 4062 765 4132 Pag.
785 4063 845 4116 tus.

158 4149 189 4218 i)
207 4150 273 4223 Cap.
293 4155 335 4206 82.
354 4172 380 4223 p.
399 4157 459 4206 2²⁴.
654 4151 684 4218 8)
704 4149 814 4219 Quaest.
832 4159 887 4204 nat.
906 4149 941 4214 ll,
960 4147 985 4197 5·
