2972 4836
682 361 966 404 -ffl-

289 523 411 576 testum
435 527 501 572 non
520 507 657 591 recepit,
687 508 740 573 sed
762 509 803 574 ad
822 509 1039 574 annotationes
1058 505 1184 586 reiecit,
1211 506 1245 570 in
1265 517 1393 572 tmus-

289 612 426 679 lerendis
447 613 589 694 puerum
603 612 785 678 cainonem
806 614 928 678 utendis
950 612 1042 676 nimis
1061 611 1241 692 religiosus,
1260 610 1390 694 sicque

289 727 412 782 tentum
442 716 572 798 reliquit
600 735 666 780 non
695 719 940 781 emendatiorem
974 737 1067 799 quant
1096 716 1164 797 ipse
1194 713 1388 778 iuvenent-

290 818 414 883 Delade
437 818 616 882 versionem
638 819 782 883 Latinam
806 820 964 895 Classem,
984 839 1078 903 quam
1101 837 1165 880 non
1188 815 1283 880 modo
1305 837 1386 881 aon

289 923 443 1004 prebebat
459 920 732 1001 videntissimus,
753 922 809 984 sed
831 921 1028 984 existimabat
1046 939 1107 984 uns
1129 931 1251 982 tantum
1272 920 1384 982 litura

289 1045 370 1106 opus
393 1025 525 1102 habere,
553 1036 588 1087 ut
610 1022 677 1105 ipse
699 1035 833 1087 testatur
852 1025 955 1086 Prael.
978 1023 1017 1086 ad
1040 1022 1088 1086 etl.
1112 1023 1274 1103 cautam,
1304 1043 1380 1086 nora

289 1127 430 1205 refinxit,
451 1147 507 1188 aso
528 1127 621 1188 aliam
644 1125 855 1215 concinnavit.
896 1126 1042 1209 Denique
1064 1125 1096 1188 in
1113 1126 1177 1188 suis
1193 1127 1381 1190 annotatio-

290 1229 385 1292 nibus
404 1231 504 1292 mults
525 1229 648 1308 omisit,
676 1249 757 1311 quse
777 1227 908 1292 dicenda
931 1241 1038 1308 erant,
1068 1241 1100 1292 et
1122 1229 1156 1290 in
1177 1227 1378 1311 explicandis

289 1332 488 1412 dogmatibus
505 1332 637 1396 Curatui
658 1351 722 1394 uon
743 1344 870 1413 poterat
890 1351 954 1394 noa
977 1343 1044 1395 tota
1065 1332 1115 1395 vis
1137 1333 1292 1409 aberrare,
1313 1331 1375 1414 qui

291 1453 363 1497 eum
385 1457 549 1518 perperam
578 1433 962 1512 credebat-Platonicum,
996 1453 1089 1518 quem
1111 1435 1207 1498 luisse
1229 1434 1375 1500 Stoicum

291 1537 446 1600 malorum
468 1537 617 1617 gentium,
641 1549 677 1598 ut
697 1536 735 1598 de
757 1535 911 1598 Cleanthe
933 1535 1008 1598 dicit
1023 1536 1143 1614 Cicero,
1164 1529 1237 1600 luce
1256 1537 1374 1600 darius

293 1648 349 1701 est.
391 1639 454 1702 Sed
482 1640 572 1700 laeile
601 1637 770 1700 excusandi
793 1650 866 1700 sunt
887 1639 935 1699 illi
960 1659 1084 1702 errores
1106 1639 1167 1701 viri
1187 1641 1272 1704 inter
1292 1661 1375 1722 psu-

291 1762 346 1804 eos
367 1739 571 1804 eruditissimi
599 1754 630 1802 et
658 1740 697 1804 de
721 1742 838 1804 litteris
860 1741 986 1804 Graecis
1012 1742 1235 1806 immortaliter
1255 1742 1373 1821 meriti,

294 1842 380 1925 quod
401 1841 450 1926 ad
476 1844 538 1904 alia
566 1842 685 1904 maiora
713 1861 887 1924 properans
918 1845 994 1906 baec
1020 1846 1124 1908 obiter
1152 1846 1288 1926 attigerit
1313 1861 1373 1908 nec

289 1963 418 2008 omnem
439 1967 527 2009 suam
548 1947 582 2010 in
613 1967 651 2010 eo
682 1945 803 2010 edendo
831 1948 989 2010 collocarit
1019 1968 1158 2030 opstant.
1200 1949 1281 2011 Nem
1302 1949 1373 2030 ipse

293 2049 403 2112 scribit
424 2050 526 2112 Praei.
548 2047 588 2111 ad
611 2047 660 2112 ed.
683 2048 850 2128 Cantabri,
871 2051 964 2112 aliam
985 2051 1275 2133 interpretationem
1297 2071 1374 2114 con·

294 2151 420 2212 clunem
440 2151 502 2213 sibi
523 2171 586 2212 non
613 2152 736 2232 licuisse
758 2173 818 2233 per
837 2173 949 2233 operas
969 2157 1226 2237 typographicae,
1255 2157 1373 2238 quibus

294 2251 512 2334 quotidianum
533 2271 666 2333 pensum
688 2255 918 2317 conscribendis
940 2256 1192 2319 annotationibus
1214 2259 1261 2319 lais
1285 2260 1374 2320 solu·

295 2368 399 2417 turam
421 2376 454 2417 se
478 2368 648 2437 receperat.
699 2356 806 2420 Unde‘
822 2360 935 2420 merito
963 2360 1072 2421 mirari
1095 2380 1275 2440 possumus,
1303 2362 1373 2424 eius

292 2457 464 2520 editionem
480 2469 544 2520 tam
563 2459 652 2524 brevi
673 2473 815 2542 tempore
836 2464 1006 2524 conlectam
1028 2481 1091 2524 nou
1110 2465 1216 2544 plures
1235 2465 1372 2526 maculas

174 2575 184 2594 ·
291 2561 449 2641 inspersas
470 2561 594 2639 tulisse,
625 2561 679 2624 sed
706 2576 814 2626 contra
842 2577 891 2628 tot
915 2565 947 2626 in
970 2586 1006 2626 ea
1030 2567 1111 2630 bona
1131 2564 1295 2642 enituisse,
1327 2584 1372 2629 sx

292 2663 408 2745 qttibus
433 2675 467 2724 ut
489 2684 529 2724 ex
557 2685 659 2744 ungue
685 2665 808 2728 leonem
832 2686 988 2748 agnoscas.
1036 2668 1145 2750 ltaque
1172 2666 1293 2749 quoties
1319 2687 1372 2730 me

294 2765 410 2827 veritas
430 2765 511 2828 levis
535 2781 710 2831 armaturae
731 2771 876 2833 iuvenem
898 2791 916 2832 a
941 2781 1027 2832 tauto
1049 2770 1118 2833 viro
1141 2768 1297 2831 discedere
1318 2789 1372 2832 co·

292 2868 355 2944 git,
378 2867 471 2930 toties
493 2889 615 2932 memor
636 2891 691 2932 em
713 2871 907 2934 reverentiae
929 2871 1100 2934 clarissimo
1122 2870 1220 2934 Geleo
1238 2871 1372 2948 debitae,

293 2970 349 3050 qui
377 2981 426 3032 tot
455 2971 571 3052 egregii
603 2972 721 3052 ingenii
750 2974 803 3035 sui*
828 2985 1027 3034 monumenta
1054 2972 1184 3054 reliquit
1212 2990 1248 3035 ac
1276 2974 1309 3035 in
1333 2995 1373 3036 es

293 3071 471 3135 doctissima
492 3087 584 3155 gente
607 3076 748 3154 eminuit,
772 3075 856 3158 apud
878 3095 970 3158 quam
994 3075 1044 3136 vel
1066 3075 1167 3154 paneri,
1195 3087 1230 3137 ut
1254 3093 1328 3138 satae
1352 3095 1373 3139 a

293 3172 472 3238 doctissimo
503 3177 573 3240 viro
602 3181 819 3256 observatum,
853 3175 969 3240 Graece
998 3175 1154 3238 balbutire
1185 3175 1309 3240 discunt
1339 3192 1371 3240 et

293 3273 355 3335 uiri
376 3277 427 3336 vel
455 3277 685 3354 generosissimi
715 3294 746 3343 et
776 3281 809 3342 in
832 3278 1029 3362 amplissimis
1053 3280 1129 3341 locis
1151 3279 1311 3342 constituti
1337 3279 1372 3343 id

294 3375 356 3437 sibi
376 3377 492 3441 honori
520 3378 656 3459 ducunt,
687 3395 721 3444 ut
750 3383 842 3446 etiam
865 3382 961 3460 magis
982 3382 1125 3444 doctriua
1147 3395 1244 3464 atque
1266 3381 1371 3444 erudi·

295 3477 380 3540 tione
402 3490 435 3541 et
456 3480 592 3544 Graecae
619 3484 742 3563 linguae
772 3485 965 3565 cognitione,
996 3485 1136 3546 omnium
1158 3483 1369 3548 doctrinarum

294 3583 400 3661 lente,
422 3603 516 3666 quem
538 3599 628 3665 gente
651 3599 682 3648 et
705 3586 823 3652 divitiis
843 3609 878 3649 ae
900 3586 1103 3667 dignitatibus
1124 3600 1284 3668 superent.

379 3685 533 3768 Equidem
556 3708 616 3769 ope
639 3689 779 3751 codicum
801 3690 892 3753 MSS.
914 3699 1035 3752 textum
1064 3693 1235 3754 inuttmeris
1263 3691 1296 3752 in
1323 3693 1372 3753 lo-

208 3779 219 3789 ’
294 3789 346 3866 cis,
368 3791 447 3870 quae
470 3802 526 3851 aut
546 3791 695 3853 vitiosum
717 3803 770 3853 aut
793 3794 915 3854 nullum
936 3793 1029 3856 etiatu'
1049 3793 1214 3856 funderent
1237 3813 1370 3872 sensum,

293 3889 337 3949 ita
359 3889 537 3970 emendavi,
567 3893 729 3974 supplevi,
753 3895 845 3972 auxi,
868 3907 904 3957 ut
927 3916 1025 3978 prope
1049 3916 1149 3959 novus
1173 3894 1318 3959 uideatur
1339 3907 1371 3957 et

293 3990 374 4050 nillil
395 3993 455 4056 inus
475 3994 540 4056 lere
562 3996 707 4076 supersit,
729 3997 814 4080 quod
836 4001 986 4062 lectorem
1001 3999 1153 4063 remorari
1169 3998 1278 4078 possit.
1320 3997 1371 4062 Ad

293 4093 352 4154 ltoe
373 4097 595 4173 praestandum
620 4119 691 4162 usus
712 4121 780 4162 sum
798 4101 896 4164 Codd.
913 4102 1018 4181 Regiis
1034 4103 1090 4185 qui
1108 4112 1258 4166 notantur
1275 4104 1371 4166 etat.

293 4197 390 4260 2720.
412 4200 498 4260 2860
519 4211 549 4260 et
569 4203 664 4280 3052,
687 4213 717 4263 et
740 4201 933 4266 veriantibus
953 4203 1148 4282 lectionibus,
1170 4223 1251 4286 quae
1264 4223 1370 4268 occur*-
