2990 4838
698 363 741 374 ···
785 343 886 388 lxliv
931 355 973 370 -··

298 508 365 572 τῶν
382 489 466 571 nursi
484 495 547 586 ιῆν
560 491 766 581 Ἑλληνικὴν
783 496 931 578 θεωρίαν
949 485 1250 574 nopudedopirnve
1273 505 1385 567 quem-

300 607 465 671 admodum
489 608 596 684 legunt
619 599 719 663 Codd.
742 597 846 664 Onon.
867 601 903 681 β.
922 593 1022 656 -Flon
1043 589 1135 652 ilarii
1158 600 1189 651 et
1210 589 1384 650 Vaticanus

300 710 383 791 apud
406 710 481 770 Gale
504 705 542 770 ad
566 705 660 766 Corn.
683 707 796 783 ρ.139
819 700 887 782 [ubi
910 709 1013 760 tamen
1036 691 1320 776 παραδιδομένων
1340 691 1385 752 ai·

302 816 433 894 iectur],
463 813 519 894 qui
544 812 587 872 sic
610 809 777 890 ipsummet
800 803 959 884 scripsisse
981 799 1157 861 Cornutum
1183 791 1295 855 credit.
1344 795 1384 854 Et

301 917 427 1001 quidem
458 909 624 996 έιιιδρορι
594 935 648 993 ινν
678 906 894 990 compendium
927 905 985 966 hoc
1015 920 1095 980 opus
1124 907 1266 959 vocatum
1296 908 1384 976 puto,

303 1018 398 1102 prod,
420 1029 456 1080 ut
479 1015 520 1076 ait
543 1015 609 1093 ipse
631 1011 790 1073 Cornutus
813 1008 870 1070 sub
888 1005 981 1067 finem
1000 1001 1104 1065 ultimi
1126 999 1288 1080 capitisp
1304 1001 1384 1060 236:

303 1116 358 1190 dmi
384 1113 607 1188 πλιιὸνωνὲ
572 1113 607 1180 δὲ
636 1115 691 1180 καὶ
722 1107 1035 1196 ἐξεργαοιιιώοιρον
1057 1106 1188 1188 εἴρηται
1210 1115 1280 1174 sote
1302 1123 1384 1183 rspe-

301 1221 404 1309 saort
406 1245 474 1304 ροις
492 1210 737 1303 principum
737 1214 808 1297 μοι]
825 1213 891 1279 νῦν
907 1206 1184 1328 ἐπιτιομηριέιιως
1201 1194 1292 1269 αὐτοὶ
1316 1225 1384 1267 πο-

302 1323 471 1408 ραδοιῖοαί
499 1345 550 1386 σοι
579 1317 826 1404 βουληθέντος·
869 1313 1015 1401 χριοίμη
1045 1305 1111 1394 γὰρ
1139 1303 1252 1373 orsiesis
1279 1300 1382 1371 ιιοιὶι
1362 1329 1383 1388 r,

302 1427 356 1493 ent
383 1426 546 1492 τοσοῦτον
576 1414 792 1508 προχιιρόιης
820 1416 900 1482 doci
950 1411 1078 1475 Dicitur
1103 1411 1171 1475 seio
1195 1407 1384 1491 παραδεδο-

302 1530 415 1610 μένων
437 1541 567 1606 prorsus
589 1534 622 1583 ut
646 1519 797 1582 decimum
820 1517 986 1600 septimum
1003 1513 1137 1576 Cornuti
1160 1523 1253 1592 capnt
1274 1511 1385 1572 inscri-

305 1627 392 1688 bitur
414 1627 489 1708 napi
513 1627 580 1688 τῶν
602 1621 883 1705 παραδεδομένων
905 1618 1051 1703 μύθων,
1072 1638 1090 1677 a
1111 1633 1177 1698 quo
1197 1633 1261 1674 uno
1283 1615 1384 1694 capite

313 1797 414 1807 ἰο-...-
438 1799 441 1802 .
465 1795 500 1800 -.-
515 1795 589 1802 m..-

299 1899 410 1973 sobulis
426 1904 600 1956 Graecorum,
619 1899 691 1953 unde
706 1900 773 1954 Gale
791 1901 823 1953 ad
844 1899 995 1953 Cornutum
1015 1915 1041 1968 p.
1051 1897 1118 1950 1³⁹:
1137 1892 1217 1960 „Fuit
1230 1891 1294 1948 buic
1306 1913 1384 1966 prae·

302 2007 402 2044 nomen
421 1988 606 2058 Πολυδεύκης,
633 1987 708 2042 cuius
733 1994 791 2060 περὶ
813 1985 908 2051 paloor
932 1987 960 2039 in
985 1985 1046 2038 Vat.
1070 2001 1124 2036 uon
1144 1982 1247 2036 ridetur
1265 1981 1334 2034 alius
1351 1983 1383 2034 ab

301 2077 352 2132 boc
369 2077 448 2131 libro.
483 2075 537 2130 Sed
551 2075 670 2128 Pollucis
683 2075 748 2129 illud
763 2093 928 2147 praenomen
943 2072 1107 2126 subdititium
1127 2080 1153 2124 et
1172 2067 1316 2122 meliorum
1336 2089 1384 2122 co-

300 2165 390 2220 dicum
410 2163 567 2218 auctoritaie
586 2165 761 2220 reiiciendum
781 2167 883 2221 ridetur
895 2163 1020 2218 Fabricio
1038 2184 1066 2234 p.
1078 2157 1173 2217 didm
1207 2158 1273 2226 Quo
1291 2172 1383 2214 autem

301 2271 363 2308 casu
381 2251 447 2305 illud
466 2268 564 2304 nomen
584 2263 673 2306 ortum
692 2254 739 2317 sit,
765 2273 827 2306 curn
846 2253 974 2306 Martinio
991 2252 1104 2322 ignoro,
1128 2259 1262 2320 pcneterea
1284 2248 1384 2302 miram

301 2340 377 2394 Galei
395 2338 577 2394 coniecturum
596 2339 629 2392 ds
648 2341 765 2394 nominis
782 2341 922 2393 Plurmuti
941 2339 1044 2411 origine
1068 2335 1221 2409 explicanda
1239 2355 1295 2389 non
1317 2355 1385 2408 prn-

300 2427 416 2482 bandam
435 2444 491 2480 esse
509 2435 582 2480 recte
600 2437 738 2483 statuente.
784 2427 826 2481 Cf.
846 2445 986 2482 censuram
1010 2435 1127 2481 nostram
1146 2424 1208 2478 libri
1225 2423 1383 2478 Martiniani

301 2518 399 2588 pter.
437 2515 478 2568 De
496 2514 584 2581 titulo,
603 2533 683 2587 quem
702 2514 777 2587 operi
797 2513 934 2568 Cornutus
951 2511 1108 2586 praefixerit,
1128 2530 1171 2564 res
1187 2508 1252 2563 mibi
1271 2513 1384 2583 quidem

300 2621 355 2655 non
374 2602 409 2655 ita
429 2613 499 2656 certa
518 2613 547 2657 ut
565 2604 715 2658 Villoisono
733 2603 835 2675 placuit
852 2621 907 2658 esse
925 2603 1039 2668 ridetur,
1067 2617 1157 2672 neque
1175 2597 1262 2652 adbuc
1286 2619 1383 2652 eorum

299 2707 344 2743 me
368 2689 466 2760 piguit,
497 2707 565 2760 quae
588 2691 652 2744 olim
678 2692 696 2746 l.
716 2690 734 2744 Ι.
751 2713 776 2763 p.
792 2695 845 2746 tuo
864 2689 1017 2744 dubitanter
1034 2707 1064 2741 ea
1083 2687 1116 2739 de
1141 2705 1172 2738 re
1197 2686 1305 2739 monui:
1333 2707 1384 2740 ne-

300 2793 353 2845 que
371 2775 504 2844 genuinus
523 2774 587 2828 mibi
605 2777 718 2844 ridetur,
737 2796 817 2849 quem
836 2775 977 2830 Martinius
992 2773 1045 2846 §.d
1066 2773 1164 2846 posuit,
1185 2779 1245 2844 πιρὶ
1260 2779 1312 2842 τῆς·
1329 2779 1384 2827 cais

301 2861 369 2912 0³⁰3*
386 2861 497 2920 φύσεως,
522 2860 601 2931 vulgo
626 2865 659 2917 ab
684 2866 809 2920 omuibus
829 2875 966 2936 rsceptnsr
992 2880 1080 2936 neque
1099 2863 1312 2917 Vrlloisonianns
1326 2861 1383 2930 ille,

299 2948 327 3002 in
345 2965 401 3019 quo
419 2944 533 2998 deorum
553 2949 627 3003 notio
644 2970 723 3023 aegre
741 2953 922 3017 desideratum
947 2967 1112 3022 quamquam
1131 2951 1208 3006 facile
1226 2961 1264 3004 est
1283 2950 1317 3003 ad
1338 2951 1383 3006 in-

299 3033 488 3108 telligendum,
513 3033 586 3091 bunc
609 3051 639 3095 ut
664 3041 710 3114 qui
732 3059 748 3094 a
767 3039 882 3094 librariis
899 3040 1010 3093 minime
1028 3037 1157 3094 consectus
1175 3055 1230 3091 esse
1248 3037 1380 3106 rideatur,

299 3137 353 3180 tam
380 3142 467 3196 prope
490 3124 524 3177 ad
547 3139 664 3182 mentem
688 3127 804 3182 auctoris
822 3127 965 3192 accedere,
992 3137 1021 3180 nt
1039 3126 1129 3180 addito
1148 3130 1205 3196 rupi
1223 3125 1308 3190 Ornis,
1336 3140 1381 3181 aut

300 3221 401 3264 mutato
420 3215 533 3282 θεωρίαν
551 3213 579 3264 ἰιι
598 3218 743 3281 θεολογίαν,
762 3233 819 3267 rem
834 3231 885 3268 acu
898 3213 1011 3285 tetigisse
1026 3212 1073 3266 tibi
1087 3212 1253 3284 persuadeas.
1289 3213 1380 3287 Atque

299 3298 327 3352 in
345 3297 404 3370 ipso
422 3298 498 3351 titulo
517 3317 664 3369 expressam
684 3301 762 3353 inisse
778 3301 931 3371 theologiae
944 3301 1092 3365 notionem,
1111 3317 1195 3372 quum
1210 3318 1259 3372 per
1273 3319 1300 3353 se
1315 3321 1378 3372 pro·

297 3383 386 3440 babile
404 3395 450 3451 est,
468 3396 525 3439 tum
542 3384 705 3440 Theodoreti
723 3397 750 3440 et
761 3385 915 3459 Etymologi
928 3385 975 3452 M,
994 3405 1062 3458 quoa
1077 3397 1183 3440 secutus
1199 3385 1264 3440 olim
1279 3407 1293 3440 a
1309 3386 1380 3442 Cor-

298 3482 365 3524 nuto
383 3471 535 3542 proiectum
560 3482 683 3542 putaram
710 3473 726 3527 l.
746 3475 764 3527 l.
786 3479 847 3544 napi
870 3469 1019 3543 Ἑλληνικῆς
1043 3475 1194 3542 θεολογίας,
1221 3476 1379 3531 auctoritate

298 3557 483 3612 confirmatur.
518 3559 612 3628 Quum
631 3579 693 3614 sero
713 3579 781 3632 quae
801 3559 909 3634 pristina
929 3571 955 3615 et
973 3579 1099 3633 germana
1126 3563 1215 3635 operis
1237 3563 1379 3634 inscriptio

297 3645 393 3713 fuerit,
421 3645 566 3701 divinando
584 3647 669 3719 magis
687 3667 768 3719 quam
788 3661 858 3703 certa
879 3650 1084 3722 argumentandi
1103 3652 1205 3705 ratione
1222 3651 1328 3723 assequi
1346 3651 1379 3706 li·

297 3745 364 3802 cent,
382 3753 411 3787 re
429 3735 503 3788 omni
522 3755 552 3788 er
572 3745 647 3806 parte
665 3745 790 3790 accurate
806 3753 928 3809 expensa,
948 3736 1104 3791 tutissimum
1119 3736 1202 3790 cisum
1215 3737 1276 3804 suit,
1295 3737 1379 3792 fronti

297 3821 378 3876 libelli
397 3841 458 3876 euro
479 3821 585 3875 titulum
605 3823 762 3896 praefigere,
780 3823 865 3897 quiet
880 3823 982 3896 vulgari
998 3843 1047 3878 usn
1062 3825 1185 3889 ferretur,
1205 3835 1230 3878 et
1244 3824 1300 3896 ipsa
1315 3825 1379 3879 bre-

298 3909 374 3963 vitate
399 3929 445 3965 sna
469 3922 661 3984 argumentum
685 3909 837 3983 planissime
858 3909 1008 3966 declarante
1032 3911 1283 3978 commendaretur,
1308 3911 1336 3966 b.
1354 3931 1378 3966 e.

299 3994 331 4045 de
347 4003 451 4048 notura
469 4001 585 4068 ἅοονιιιιι,
602 4005 661 4071 crept
678 4002 727 4071 τῆς
743 4002 796 4052 sois
814 4002 882 4052 dreis
900 4001 1006 4061 φύσεος,
1029 3999 1072 4052 cui
1091 3999 1164 4072 quod
1183 3997 1283 4053 Galeus
1301 4000 1379 4055 inan-

299 4099 348 4153 per
365 4085 467 4152 θεωρία
484 4089 621 4158 apposuit,
648 4087 676 4142 id
695 4106 746 4161 ego
764 4103 873 4160 qnoque
890 4084 1067 4151 admisissem,
1092 4083 1254 4142 locutionem
1274 4091 1379 4160 θιιοριο

298 4173 358 4242 napi
374 4187 444 4229 resec
461 4169 482 4224 si
500 4174 620 4244 exemplo
640 4173 739 4230 idoneo
757 4173 916 4228 adstructam
935 4170 1078 4239 baberent]
