<?xml version="1.0" encoding="UTF-8"?>
<!DOCTYPE html PUBLIC "-//W3C//DTD XHTML 1.0 Transitional//EN"
    "http://www.w3.org/TR/xhtml1/DTD/xhtml1-transitional.dtd">
<html xmlns="http://www.w3.org/1999/xhtml" xml:lang="en" lang="en">
 <head>
  <title>
</title>
<meta http-equiv="Content-Type" content="text/html;charset=utf-8" />
  <meta name='ocr-system' content='tesseract 3.04.00' />
  <meta name='ocr-capabilities' content='ocr_page ocr_carea ocr_par ocr_line ocrx_word'/>
</head>
<body>
  <div class='ocr_page' id='page_1' title='image "./denaturadeorum00corngoog_0259.png"; bbox 0 0 3086 4840; ppageno 0'>
   <div class='ocr_carea' id='block_1_1' title="bbox 612 331 952 392">
    <p class='ocr_par' dir='ltr' id='par_1_1' title="bbox 612 331 952 392">
     <span class='ocr_line' id='line_1_1' title="bbox 612 331 952 392; baseline 0.006 -2"><span class='ocrx_word' id='word_1_1' title='bbox 612 331 952 392; x_wconf 66' lang='grc' dir='ltr'>Ι-186--</span> 
     </span>
    </p>
   </div>
   <div class='ocr_carea' id='block_1_2' title="bbox 207 488 1372 1246">
    <p class='ocr_par' dir='ltr' id='par_1_2' title="bbox 207 488 1372 1246">
     <span class='ocr_line' id='line_1_2' title="bbox 297 488 1370 581; baseline 0 -19"><span class='ocrx_word' id='word_1_2' title='bbox 297 495 403 564; x_wconf 83' lang='grc' dir='ltr'><strong><em>πάλιν</em></strong></span> <span class='ocrx_word' id='word_1_3' title='bbox 422 492 444 580; x_wconf 78' lang='grc' dir='ltr'><em>ἢ</em></span> <span class='ocrx_word' id='word_1_4' title='bbox 466 490 640 570; x_wconf 65' lang='lat' dir='ltr'>atanarico*</span> <span class='ocrx_word' id='word_1_5' title='bbox 662 491 837 581; x_wconf 75' lang='grc' dir='ltr'><strong><em>σύῤῥιυσις</em></strong></span> <span class='ocrx_word' id='word_1_6' title='bbox 861 495 922 561; x_wconf 82' lang='grc' dir='ltr'><strong><em>τού</em></strong></span> <span class='ocrx_word' id='word_1_7' title='bbox 946 488 1106 578; x_wconf 76' lang='grc' dir='ltr'><strong><em>γλσύιιουι</em></strong></span> <span class='ocrx_word' id='word_1_8' title='bbox 1127 493 1294 577; x_wconf 74' lang='grc' dir='ltr'>συνήγαγε</span> <span class='ocrx_word' id='word_1_9' title='bbox 1316 498 1370 562; x_wconf 77' lang='lat' dir='ltr'>sol</span> 
     </span>
     <span class='ocr_line' id='line_1_3' title="bbox 295 599 1372 691; baseline -0.002 -17"><span class='ocrx_word' id='word_1_10' title='bbox 295 603 335 674; x_wconf 78' lang='grc' dir='ltr'>ἓν</span> <span class='ocrx_word' id='word_1_11' title='bbox 363 607 458 691; x_wconf 76' lang='grc' dir='ltr'><strong><em>σῶμα</em></strong></span> <span class='ocrx_word' id='word_1_12' title='bbox 487 612 520 684; x_wconf 78' lang='grc' dir='ltr'>ἐξ</span> <span class='ocrx_word' id='word_1_13' title='bbox 552 599 663 674; x_wconf 69' lang='lat' dir='ltr'>cristis</span> <span class='ocrx_word' id='word_1_14' title='bbox 693 601 880 674; x_wconf 72' lang='grc' dir='ltr'><strong><em>ἀπετέλεσε.</em></strong></span> <span class='ocrx_word' id='word_1_15' title='bbox 934 605 1005 671; x_wconf 75' lang='lat' dir='ltr'>Kal</span> <span class='ocrx_word' id='word_1_16' title='bbox 1027 599 1045 671; x_wconf 84' lang='grc' dir='ltr'>ὁ</span> <span class='ocrx_word' id='word_1_17' title='bbox 1067 601 1158 688; x_wconf 82' lang='grc' dir='ltr'><strong><em>παρά</em></strong></span> <span class='ocrx_word' id='word_1_18' title='bbox 1180 606 1224 688; x_wconf 79' lang='grc' dir='ltr'><strong><em>τῷ</em></strong></span> <span class='ocrx_word' id='word_1_19' title='bbox 1247 607 1372 688; x_wconf 78' lang='grc' dir='ltr'><strong><em>ποιητῇ</em></strong></span> 
     </span>
     <span class='ocr_line' id='line_1_4' title="bbox 298 713 1372 802; baseline 0 -18"><span class='ocrx_word' id='word_1_20' title='bbox 298 718 334 784; x_wconf 80' lang='grc' dir='ltr'>δὲ</span> <span class='ocrx_word' id='word_1_21' title='bbox 355 719 488 801; x_wconf 73' lang='grc' dir='ltr'><strong><em>μάθος,</em></strong></span> <span class='ocrx_word' id='word_1_22' title='bbox 510 715 553 790; x_wconf 73' lang='lat' dir='ltr'>oie</span> <span class='ocrx_word' id='word_1_23' title='bbox 578 713 710 802; x_wconf 79' lang='grc' dir='ltr'><strong><em>φεύγων</em></strong></span> <span class='ocrx_word' id='word_1_24' title='bbox 731 720 816 784; x_wconf 71' lang='grc' dir='ltr'><strong><em>ποτὲ</em></strong></span> <span class='ocrx_word' id='word_1_25' title='bbox 837 713 901 799; x_wconf 77' lang='grc' dir='ltr'><strong><em>τὴν</em></strong></span> <span class='ocrx_word' id='word_1_26' title='bbox 922 718 985 784; x_wconf 85' lang='grc' dir='ltr'><strong><em>τού</em></strong></span> <span class='ocrx_word' id='word_1_27' title='bbox 1006 714 1210 801; x_wconf 72' lang='grc' dir='ltr'><strong><em>Λυκούργου</em></strong></span> <span class='ocrx_word' id='word_1_28' title='bbox 1230 719 1372 800; x_wconf 76' lang='grc' dir='ltr'><strong><em>ἐπιβου-</em></strong></span> 
     </span>
     <span class='ocr_line' id='line_1_5' title="bbox 207 820 1370 910; baseline -0.001 -14"><span class='ocrx_word' id='word_1_29' title='bbox 207 835 214 850; x_wconf 88' lang='grc'><em>’</em></span> <span class='ocrx_word' id='word_1_30' title='bbox 297 821 361 910; x_wconf 76' lang='grc' dir='ltr'>λῆν</span> <span class='ocrx_word' id='word_1_31' title='bbox 382 823 399 895; x_wconf 86' lang='grc' dir='ltr'><strong><em>ά</em></strong></span> <span class='ocrx_word' id='word_1_32' title='bbox 423 823 506 902; x_wconf 76' lang='grc' dir='ltr'>θεὸς</span> <span class='ocrx_word' id='word_1_33' title='bbox 526 827 584 896; x_wconf 78' lang='grc' dir='ltr'>ἔδυ</span> <span class='ocrx_word' id='word_1_34' title='bbox 604 823 689 894; x_wconf 86' lang='grc' dir='ltr'><strong><em>ιιατά</em></strong></span> <span class='ocrx_word' id='word_1_35' title='bbox 713 826 902 910; x_wconf 75' lang='grc' dir='ltr'><strong><em>θαλάττης,</em></strong></span> <span class='ocrx_word' id='word_1_36' title='bbox 927 822 1029 910; x_wconf 68' lang='grc' dir='ltr'><strong><em>τλθίἱ</em></strong></span> <span class='ocrx_word' id='word_1_37' title='bbox 1055 828 1155 901; x_wconf 72' lang='grc' dir='ltr'><strong><em>Θέτις</em></strong></span> <span class='ocrx_word' id='word_1_38' title='bbox 1176 820 1281 895; x_wconf 68' lang='lat' dir='ltr'>odedu</span> <span class='ocrx_word' id='word_1_39' title='bbox 1304 828 1370 895; x_wconf 80' lang='grc' dir='ltr'><strong><em>διέ-</em></strong></span> 
     </span>
     <span class='ocr_line' id='line_1_6' title="bbox 295 934 1370 1026; baseline 0.002 -22"><span class='ocrx_word' id='word_1_40' title='bbox 295 963 409 1018; x_wconf 81' lang='grc' dir='ltr'><strong><em>σωσεν,</em></strong></span> <span class='ocrx_word' id='word_1_41' title='bbox 433 940 569 1023; x_wconf 77' lang='grc' dir='ltr'><strong><em>ἐμφανῆ</em></strong></span> <span class='ocrx_word' id='word_1_42' title='bbox 590 935 655 1022; x_wconf 72' lang='grc' dir='ltr'><strong><em>τάν</em></strong></span> <span class='ocrx_word' id='word_1_43' title='bbox 677 934 833 1005; x_wconf 76' lang='grc' dir='ltr'><strong><em>διάνοιαν</em></strong></span> <span class='ocrx_word' id='word_1_44' title='bbox 849 943 926 1026; x_wconf 74' lang='grc' dir='ltr'><strong><em>ἔχει.</em></strong></span> <span class='ocrx_word' id='word_1_45' title='bbox 976 939 1128 1021; x_wconf 60' lang='lat' dir='ltr'>Tauricos</span> <span class='ocrx_word' id='word_1_46' title='bbox 1143 942 1210 1023; x_wconf 75' lang='grc' dir='ltr'>μὲν</span> <span class='ocrx_word' id='word_1_47' title='bbox 1226 938 1291 1023; x_wconf 84' lang='grc' dir='ltr'>γάρ</span> <span class='ocrx_word' id='word_1_48' title='bbox 1308 944 1370 1006; x_wconf 76' lang='grc' dir='ltr'><strong><em>εἰσι</em></strong></span> 
     </span>
     <span class='ocr_line' id='line_1_7' title="bbox 296 1042 1369 1146; baseline 0 -30"><span class='ocrx_word' id='word_1_49' title='bbox 296 1052 358 1116; x_wconf 82' lang='grc' dir='ltr'><strong><em>τού</em></strong></span> <span class='ocrx_word' id='word_1_50' title='bbox 380 1042 546 1118; x_wconf 80' lang='grc' dir='ltr'><strong><em>Διονύσου</em></strong></span> <span class='ocrx_word' id='word_1_51' title='bbox 567 1056 602 1116; x_wconf 89' lang='grc' dir='ltr'><strong><em>αι’</em></strong></span> <span class='ocrx_word' id='word_1_52' title='bbox 624 1047 790 1146; x_wconf 77' lang='grc' dir='ltr'><strong><em>άγιττιλσι·</em></strong></span> <span class='ocrx_word' id='word_1_53' title='bbox 822 1047 950 1134; x_wconf 69' lang='grc' dir='ltr'><strong><em>ταύτης</em></strong></span> <span class='ocrx_word' id='word_1_54' title='bbox 973 1049 1008 1115; x_wconf 76' lang='grc' dir='ltr'>δὲ</span> <span class='ocrx_word' id='word_1_55' title='bbox 1030 1044 1049 1114; x_wconf 83' lang='grc' dir='ltr'>ὁ</span> <span class='ocrx_word' id='word_1_56' title='bbox 1070 1050 1270 1135; x_wconf 74' lang='grc' dir='ltr'><strong><em>Λυκοῦργος</em></strong></span> <span class='ocrx_word' id='word_1_57' title='bbox 1290 1075 1369 1134; x_wconf 83' lang='grc' dir='ltr'><strong><em>τρυ-</em></strong></span> 
     </span>
     <span class='ocr_line' id='line_1_8' title="bbox 293 1153 1369 1246; baseline 0.005 -20"><span class='ocrx_word' id='word_1_58' title='bbox 293 1157 396 1246; x_wconf 75' lang='grc' dir='ltr'><strong><em>γητὴς</em></strong></span> <span class='ocrx_word' id='word_1_59' title='bbox 421 1158 468 1228; x_wconf 83' lang='grc' dir='ltr'>ὥν</span> <span class='ocrx_word' id='word_1_60' title='bbox 489 1161 660 1229; x_wconf 78' lang='grc' dir='ltr'><strong><em>ἐσιύλευστ</em></strong></span> <span class='ocrx_word' id='word_1_61' title='bbox 684 1162 737 1227; x_wconf 81' lang='grc' dir='ltr'><strong><em>καλ</em></strong></span> <span class='ocrx_word' id='word_1_62' title='bbox 765 1153 1017 1244; x_wconf 78' lang='grc' dir='ltr'><strong><em>άτιιιιύσγιηστυ·</em></strong></span> <span class='ocrx_word' id='word_1_63' title='bbox 1053 1155 1153 1226; x_wconf 74' lang='grc' dir='ltr'><strong><em>ελθίλ</em></strong></span> <span class='ocrx_word' id='word_1_64' title='bbox 1181 1163 1273 1236; x_wconf 77' lang='grc' dir='ltr'><strong><em>σῖυσς</em></strong></span> <span class='ocrx_word' id='word_1_65' title='bbox 1301 1174 1369 1231; x_wconf 78' lang='grc' dir='ltr'><strong><em>θα-</em></strong></span> 
     </span>
    </p>
   </div>
   <div class='ocr_carea' id='block_1_3' title="bbox 295 1367 1367 1440">
    <p class='ocr_par' dir='ltr' id='par_1_3' title="bbox 295 1367 1367 1440">
     <span class='ocr_line' id='line_1_9' title="bbox 295 1367 1367 1440; baseline -0.002 -18"><span class='ocrx_word' id='word_1_66' title='bbox 295 1380 350 1423; x_wconf 83' lang='lat' dir='ltr'>tere</span> <span class='ocrx_word' id='word_1_67' title='bbox 365 1369 464 1422; x_wconf 87' lang='lat' dir='ltr'>Galeus</span> <span class='ocrx_word' id='word_1_68' title='bbox 482 1370 628 1440; x_wconf 83' lang='lat' dir='ltr'>suspicatus</span> <span class='ocrx_word' id='word_1_69' title='bbox 645 1379 710 1435; x_wconf 87' lang='lat' dir='ltr'>erat,</span> <span class='ocrx_word' id='word_1_70' title='bbox 731 1368 803 1440; x_wconf 92' lang='lat' dir='ltr'>quod</span> <span class='ocrx_word' id='word_1_71' title='bbox 859 1378 958 1422; x_wconf 84' lang='lat' dir='ltr'>veteres</span> <span class='ocrx_word' id='word_1_72' title='bbox 977 1367 1166 1434; x_wconf 75' lang='lat' dir='ltr'>distinxerunt,</span> <span class='ocrx_word' id='word_1_73' title='bbox 1193 1377 1222 1420; x_wconf 89' lang='lat' dir='ltr'>ut</span> <span class='ocrx_word' id='word_1_74' title='bbox 1239 1367 1367 1420; x_wconf 75' lang='lat' dir='ltr'>Eusebius</span> 
     </span>
    </p>
   </div>
   <div class='ocr_carea' id='block_1_4' title="bbox 284 1456 802 4233">
    <p class='ocr_par' dir='ltr' id='par_1_4' title="bbox 284 1456 802 4233">
     <span class='ocr_line' id='line_1_10' title="bbox 294 1456 802 1528; baseline 0.004 -20"><span class='ocrx_word' id='word_1_75' title='bbox 294 1456 358 1509; x_wconf 93' lang='lat' dir='ltr'>olim</span> <span class='ocrx_word' id='word_1_76' title='bbox 373 1457 536 1510; x_wconf 87' lang='lat' dir='ltr'>Villoisouus</span> <span class='ocrx_word' id='word_1_77' title='bbox 551 1457 707 1528; x_wconf 85' lang='lat' dir='ltr'>probaverat</span> <span class='ocrx_word' id='word_1_78' title='bbox 723 1456 802 1510; x_wconf 90' lang='lat' dir='ltr'>allato</span> 
     </span>
     <span class='ocr_line' id='line_1_11' title="bbox 295 1542 801 1616; baseline 0.002 -20"><span class='ocrx_word' id='word_1_79' title='bbox 295 1542 441 1614; x_wconf 81' lang='lat' dir='ltr'>Anonymo</span> <span class='ocrx_word' id='word_1_80' title='bbox 457 1544 490 1596; x_wconf 92' lang='lat' dir='ltr'>de</span> <span class='ocrx_word' id='word_1_81' title='bbox 506 1544 608 1597; x_wconf 90' lang='lat' dir='ltr'>mundo</span> <span class='ocrx_word' id='word_1_82' title='bbox 622 1549 648 1610; x_wconf 79' lang='lat'>4,</span> <span class='ocrx_word' id='word_1_83' title='bbox 662 1547 677 1599; x_wconf 76' lang='grc'>3</span> <span class='ocrx_word' id='word_1_84' title='bbox 690 1544 801 1616; x_wconf 56' lang='lat' dir='ltr'>(pum,</span> 
     </span>
     <span class='ocr_line' id='line_1_12' title="bbox 293 1628 802 1700; baseline 0 -17"><span class='ocrx_word' id='word_1_85' title='bbox 293 1633 327 1683; x_wconf 76' lang='lat'>35</span> <span class='ocrx_word' id='word_1_86' title='bbox 346 1631 387 1683; x_wconf 88' lang='lat' dir='ltr'>ed.</span> <span class='ocrx_word' id='word_1_87' title='bbox 398 1629 534 1698; x_wconf 75' lang='lat' dir='ltr'>Bcklcr.):</span> <span class='ocrx_word' id='word_1_88' title='bbox 553 1631 686 1700; x_wconf 78' lang='grc' dir='ltr'><strong><em>λργάζιται</em></strong></span> <span class='ocrx_word' id='word_1_89' title='bbox 704 1673 711 1686; x_wconf 93' lang='grc'><strong>.</strong></span> <span class='ocrx_word' id='word_1_90' title='bbox 731 1672 737 1686; x_wconf 95' lang='grc'><strong>.</strong></span> <span class='ocrx_word' id='word_1_91' title='bbox 759 1671 765 1686; x_wconf 91' lang='grc'><strong>.</strong></span> <span class='ocrx_word' id='word_1_92' title='bbox 785 1628 802 1700; x_wconf 77' lang='grc' dir='ltr'><em>ἦ</em></span> 
     </span>
     <span class='ocr_line' id='line_1_13' title="bbox 292 1713 801 1789; baseline 0.006 -22"><span class='ocrx_word' id='word_1_93' title='bbox 292 1713 418 1785; x_wconf 73' lang='grc' dir='ltr'><strong><em>σύμπηξις</em></strong></span> <span class='ocrx_word' id='word_1_94' title='bbox 444 1721 492 1769; x_wconf 77' lang='grc' dir='ltr'><strong><em>τοῦ</em></strong></span> <span class='ocrx_word' id='word_1_95' title='bbox 519 1719 619 1778; x_wconf 80' lang='grc' dir='ltr'><strong><em>λνύντσς</em></strong></span> <span class='ocrx_word' id='word_1_96' title='bbox 646 1717 726 1789; x_wconf 78' lang='grc' dir='ltr'><strong><em>ύγρσῡ</em></strong></span> <span class='ocrx_word' id='word_1_97' title='bbox 753 1715 801 1788; x_wconf 65' lang='lat' dir='ltr'>aris</span> 
     </span>
     <span class='ocr_line' id='line_1_14' title="bbox 291 1802 800 1878; baseline 0.006 -22"><span class='ocrx_word' id='word_1_98' title='bbox 291 1802 454 1875; x_wconf 68' lang='grc' dir='ltr'><strong><em>ψυχρότητα.</em></strong></span> <span class='ocrx_word' id='word_1_99' title='bbox 478 1806 566 1878; x_wconf 82' lang='lat' dir='ltr'>Vulgo</span> <span class='ocrx_word' id='word_1_100' title='bbox 576 1811 601 1859; x_wconf 73' lang='grc' dir='ltr'>ἐν</span> <span class='ocrx_word' id='word_1_101' title='bbox 611 1804 692 1875; x_wconf 79' lang='grc' dir='ltr'><strong><em>αύτῷ.</em></strong></span> <span class='ocrx_word' id='word_1_102' title='bbox 716 1807 800 1861; x_wconf 76' lang='lat' dir='ltr'>Aliter</span> 
     </span>
     <span class='ocr_line' id='line_1_15' title="bbox 291 1891 799 1960; baseline 0.004 -14"><span class='ocrx_word' id='word_1_103' title='bbox 291 1891 343 1946; x_wconf 78' lang='grc' dir='ltr'><strong><em>λαστ</em></strong></span> <span class='ocrx_word' id='word_1_104' title='bbox 367 1893 399 1946; x_wconf 88' lang='lat' dir='ltr'>de</span> <span class='ocrx_word' id='word_1_105' title='bbox 422 1893 482 1947; x_wconf 87' lang='lat' dir='ltr'>loco</span> <span class='ocrx_word' id='word_1_106' title='bbox 502 1905 625 1948; x_wconf 88' lang='lat' dir='ltr'>statuerat</span> <span class='ocrx_word' id='word_1_107' title='bbox 643 1893 799 1960; x_wconf 77' lang='lat' dir='ltr'>Cremerae,</span> 
     </span>
     <span class='ocr_line' id='line_1_16' title="bbox 292 1979 798 2054; baseline 0 -20"><span class='ocrx_word' id='word_1_108' title='bbox 292 1981 337 2054; x_wconf 91' lang='lat' dir='ltr'>qui</span> <span class='ocrx_word' id='word_1_109' title='bbox 357 1982 457 2035; x_wconf 83' lang='lat' dir='ltr'>Rerum</span> <span class='ocrx_word' id='word_1_110' title='bbox 476 1983 666 2038; x_wconf 86' lang='lat' dir='ltr'>Bacchicarum</span> <span class='ocrx_word' id='word_1_111' title='bbox 681 1981 759 2053; x_wconf 86' lang='lat' dir='ltr'>Spec.</span> <span class='ocrx_word' id='word_1_112' title='bbox 779 1979 798 2034; x_wconf 90' lang='lat' dir='ltr'>l.</span> 
     </span>
     <span class='ocr_line' id='line_1_17' title="bbox 291 2069 799 2140; baseline -0.006 -18"><span class='ocrx_word' id='word_1_113' title='bbox 291 2089 316 2140; x_wconf 85' lang='lat' dir='ltr'>p.</span> <span class='ocrx_word' id='word_1_114' title='bbox 331 2072 365 2122; x_wconf 77' lang='lat'>1⁸</span> <span class='ocrx_word' id='word_1_115' title='bbox 384 2069 496 2124; x_wconf 85' lang='lat' dir='ltr'>Galeani</span> <span class='ocrx_word' id='word_1_116' title='bbox 513 2072 571 2125; x_wconf 88' lang='lat' dir='ltr'>cod.</span> <span class='ocrx_word' id='word_1_117' title='bbox 585 2070 726 2124; x_wconf 88' lang='lat' dir='ltr'>lectionem</span> <span class='ocrx_word' id='word_1_118' title='bbox 741 2087 799 2121; x_wconf 89' lang='lat' dir='ltr'>am-</span> 
     </span>
     <span class='ocr_line' id='line_1_18' title="bbox 290 2155 797 2226; baseline -0.006 -18"><span class='ocrx_word' id='word_1_119' title='bbox 290 2157 392 2226; x_wconf 80' lang='lat' dir='ltr'>plexus:</span> <span class='ocrx_word' id='word_1_120' title='bbox 409 2157 611 2224; x_wconf 83' lang='lat' dir='ltr'>„Cons1denter,</span> <span class='ocrx_word' id='word_1_121' title='bbox 622 2157 717 2225; x_wconf 89' lang='lat' dir='ltr'>inquit,</span> <span class='ocrx_word' id='word_1_122' title='bbox 728 2155 797 2224; x_wconf 86' lang='lat' dir='ltr'>lege:</span> 
     </span>
     <span class='ocr_line' id='line_1_19' title="bbox 290 2237 797 2306; baseline -0.012 -14"><span class='ocrx_word' id='word_1_123' title='bbox 290 2248 334 2292; x_wconf 77' lang='grc' dir='ltr'><strong><em>καὶ</em></strong></span> <span class='ocrx_word' id='word_1_124' title='bbox 351 2247 399 2293; x_wconf 82' lang='grc' dir='ltr'><strong><em>τού</em></strong></span> <span class='ocrx_word' id='word_1_125' title='bbox 417 2249 531 2294; x_wconf 71' lang='grc' dir='ltr'><strong><em>ἐναντίου</em></strong></span> <span class='ocrx_word' id='word_1_126' title='bbox 547 2242 673 2293; x_wconf 79' lang='grc' dir='ltr'><strong><em>Διονύσου</em></strong></span> <span class='ocrx_word' id='word_1_127' title='bbox 687 2237 721 2290; x_wconf 85' lang='grc' dir='ltr'><strong><em>τά</em></strong></span> <span class='ocrx_word' id='word_1_128' title='bbox 734 2241 797 2306; x_wconf 73' lang='grc' dir='ltr'><strong><em>μέλη</em></strong></span> 
     </span>
     <span class='ocr_line' id='line_1_20' title="bbox 290 2325 797 2395; baseline -0.002 -16"><span class='ocrx_word' id='word_1_129' title='bbox 290 2339 315 2380; x_wconf 83' lang='lat' dir='ltr'>ct</span> <span class='ocrx_word' id='word_1_130' title='bbox 333 2329 482 2380; x_wconf 78' lang='lat' dir='ltr'>adversarii</span> <span class='ocrx_word' id='word_1_131' title='bbox 497 2330 536 2382; x_wconf 89' lang='lat' dir='ltr'>sui</span> <span class='ocrx_word' id='word_1_132' title='bbox 551 2327 662 2395; x_wconf 80' lang='lat' dir='ltr'>Dionysi</span> <span class='ocrx_word' id='word_1_133' title='bbox 678 2325 797 2378; x_wconf 85' lang='lat' dir='ltr'>membra</span> 
     </span>
     <span class='ocr_line' id='line_1_21' title="bbox 289 2411 798 2467; baseline -0.006 -2"><span class='ocrx_word' id='word_1_134' title='bbox 289 2415 456 2467; x_wconf 83' lang='lat' dir='ltr'>disiecerunt.</span> <span class='ocrx_word' id='word_1_135' title='bbox 492 2414 611 2466; x_wconf 84' lang='lat' dir='ltr'>Pertinet</span> <span class='ocrx_word' id='word_1_136' title='bbox 633 2412 705 2464; x_wconf 81' lang='lat' dir='ltr'>enim</span> <span class='ocrx_word' id='word_1_137' title='bbox 731 2411 798 2463; x_wconf 83' lang='lat' dir='ltr'>haec</span> 
     </span>
     <span class='ocr_line' id='line_1_22' title="bbox 289 2498 797 2570; baseline -0.004 -18"><span class='ocrx_word' id='word_1_138' title='bbox 289 2521 331 2553; x_wconf 86' lang='lat' dir='ltr'>res</span> <span class='ocrx_word' id='word_1_139' title='bbox 349 2501 382 2554; x_wconf 87' lang='lat' dir='ltr'>ad</span> <span class='ocrx_word' id='word_1_140' title='bbox 402 2505 602 2566; x_wconf 71' lang='grc' dir='ltr'><strong><em>Τιτανομαχίαν,</em></strong></span> <span class='ocrx_word' id='word_1_141' title='bbox 622 2500 650 2551; x_wconf 91' lang='lat' dir='ltr'>in</span> <span class='ocrx_word' id='word_1_142' title='bbox 670 2517 723 2570; x_wconf 87' lang='lat' dir='ltr'>qua</span> <span class='ocrx_word' id='word_1_143' title='bbox 741 2498 797 2551; x_wconf 89' lang='lat' dir='ltr'>sin-</span> 
     </span>
     <span class='ocr_line' id='line_1_23' title="bbox 289 2587 796 2659; baseline -0.002 -18"><span class='ocrx_word' id='word_1_144' title='bbox 289 2588 344 2659; x_wconf 78' lang='lat' dir='ltr'>guli</span> <span class='ocrx_word' id='word_1_145' title='bbox 363 2589 408 2641; x_wconf 90' lang='lat' dir='ltr'>Dii</span> <span class='ocrx_word' id='word_1_146' title='bbox 425 2589 565 2642; x_wconf 79' lang='lat' dir='ltr'>Titanibus</span> <span class='ocrx_word' id='word_1_147' title='bbox 583 2587 796 2640; x_wconf 77' lang='lat' dir='ltr'>adversabantur.</span> 
     </span>
     <span class='ocr_line' id='line_1_24' title="bbox 288 2676 797 2747; baseline 0 -19"><span class='ocrx_word' id='word_1_148' title='bbox 288 2676 797 2747; x_wconf 79' lang='lat' dir='ltr'>Mllqautemcontinuoreponendum</span> 
     </span>
     <span class='ocr_line' id='line_1_25' title="bbox 285 2764 796 2835; baseline -0.004 -19"><span class='ocrx_word' id='word_1_149' title='bbox 285 2782 343 2818; x_wconf 88' lang='lat' dir='ltr'>esse</span> <span class='ocrx_word' id='word_1_150' title='bbox 362 2775 479 2828; x_wconf 85' lang='lat' dir='ltr'>censeat,</span> <span class='ocrx_word' id='word_1_151' title='bbox 507 2764 552 2834; x_wconf 86' lang='lat' dir='ltr'>qui</span> <span class='ocrx_word' id='word_1_152' title='bbox 571 2764 669 2833; x_wconf 75' lang='lat' dir='ltr'>cogitet</span> <span class='ocrx_word' id='word_1_153' title='bbox 687 2765 796 2835; x_wconf 79' lang='lat' dir='ltr'>proprie</span> 
     </span>
     <span class='ocr_line' id='line_1_26' title="bbox 288 2849 795 2912; baseline 0 -10"><span class='ocrx_word' id='word_1_154' title='bbox 288 2849 337 2903; x_wconf 84' lang='lat' dir='ltr'>hac</span> <span class='ocrx_word' id='word_1_155' title='bbox 356 2849 389 2903; x_wconf 85' lang='lat' dir='ltr'>de</span> <span class='ocrx_word' id='word_1_156' title='bbox 404 2849 496 2904; x_wconf 75' lang='lat' dir='ltr'>tabula</span> <span class='ocrx_word' id='word_1_157' title='bbox 520 2861 545 2903; x_wconf 89' lang='lat' dir='ltr'>et</span> <span class='ocrx_word' id='word_1_158' title='bbox 567 2853 723 2912; x_wconf 74' lang='grc' dir='ltr'><strong><em>μαλακοπλιιν</em></strong></span> <span class='ocrx_word' id='word_1_159' title='bbox 743 2849 795 2904; x_wconf 89' lang='lat' dir='ltr'>dici</span> 
     </span>
     <span class='ocr_line' id='line_1_27' title="bbox 287 2930 795 3014; baseline 0.002 -26"><span class='ocrx_word' id='word_1_160' title='bbox 287 2949 314 2990; x_wconf 87' lang='lat' dir='ltr'>et</span> <span class='ocrx_word' id='word_1_161' title='bbox 331 2930 505 3000; x_wconf 80' lang='grc' dir='ltr'><strong><em>διαμιλισμόν.</em></strong></span> <span class='ocrx_word' id='word_1_162' title='bbox 541 2937 593 3006; x_wconf 88' lang='lat' dir='ltr'>[Cl.</span> <span class='ocrx_word' id='word_1_163' title='bbox 611 2936 744 3014; x_wconf 75' lang='lat' dir='ltr'>Plutarch.</span> <span class='ocrx_word' id='word_1_164' title='bbox 763 2937 795 2989; x_wconf 86' lang='lat' dir='ltr'>de</span> 
     </span>
     <span class='ocr_line' id='line_1_28' title="bbox 288 3023 795 3097; baseline -0.006 -19"><span class='ocrx_word' id='word_1_165' title='bbox 288 3043 333 3078; x_wconf 83' lang='lat' dir='ltr'>esu</span> <span class='ocrx_word' id='word_1_166' title='bbox 353 3025 473 3080; x_wconf 91' lang='lat' dir='ltr'>carnium</span> <span class='ocrx_word' id='word_1_167' title='bbox 490 3047 515 3097; x_wconf 89' lang='lat' dir='ltr'>p.</span> <span class='ocrx_word' id='word_1_168' title='bbox 526 3023 641 3091; x_wconf 75' lang='lat' dir='ltr'>996.C.]</span> <span class='ocrx_word' id='word_1_169' title='bbox 660 3023 729 3077; x_wconf 89' lang='lat' dir='ltr'>Sunt</span> <span class='ocrx_word' id='word_1_170' title='bbox 746 3043 795 3076; x_wconf 86' lang='lat' dir='ltr'>au-</span> 
     </span>
     <span class='ocr_line' id='line_1_29' title="bbox 287 3111 795 3184; baseline 0.002 -21"><span class='ocrx_word' id='word_1_171' title='bbox 287 3123 341 3164; x_wconf 84' lang='lat' dir='ltr'>tem</span> <span class='ocrx_word' id='word_1_172' title='bbox 359 3113 473 3184; x_wconf 74' lang='lat' dir='ltr'>mythico</span> <span class='ocrx_word' id='word_1_173' title='bbox 494 3113 561 3168; x_wconf 86' lang='lat' dir='ltr'>haec</span> <span class='ocrx_word' id='word_1_174' title='bbox 584 3113 681 3166; x_wconf 89' lang='lat' dir='ltr'>inserta</span> <span class='ocrx_word' id='word_1_175' title='bbox 708 3111 795 3182; x_wconf 87' lang='lat' dir='ltr'>philo·</span> 
     </span>
     <span class='ocr_line' id='line_1_30' title="bbox 286 3197 795 3269; baseline 0.004 -20"><span class='ocrx_word' id='word_1_176' title='bbox 286 3197 409 3267; x_wconf 77' lang='lat' dir='ltr'>sophicae</span> <span class='ocrx_word' id='word_1_177' title='bbox 436 3199 625 3269; x_wconf 82' lang='lat' dir='ltr'>erplicationi.”</span> <span class='ocrx_word' id='word_1_178' title='bbox 660 3201 701 3252; x_wconf 83' lang='lat' dir='ltr'>De</span> <span class='ocrx_word' id='word_1_179' title='bbox 726 3200 795 3253; x_wconf 86' lang='lat' dir='ltr'>reci-</span> 
     </span>
     <span class='ocr_line' id='line_1_31' title="bbox 287 3285 794 3354; baseline 0.012 -21"><span class='ocrx_word' id='word_1_180' title='bbox 287 3285 386 3352; x_wconf 87' lang='lat' dir='ltr'>piendo</span> <span class='ocrx_word' id='word_1_181' title='bbox 401 3287 465 3352; x_wconf 76' lang='grc' dir='ltr'><strong><em>μλλη</em></strong></span> <span class='ocrx_word' id='word_1_182' title='bbox 485 3287 607 3354; x_wconf 85' lang='lat' dir='ltr'>equidem</span> <span class='ocrx_word' id='word_1_183' title='bbox 627 3286 696 3338; x_wconf 86' lang='lat' dir='ltr'>baud</span> <span class='ocrx_word' id='word_1_184' title='bbox 716 3286 794 3338; x_wconf 86' lang='lat' dir='ltr'>dubi-</span> 
     </span>
     <span class='ocr_line' id='line_1_32' title="bbox 287 3370 794 3445; baseline 0.01 -24"><span class='ocrx_word' id='word_1_185' title='bbox 287 3379 396 3434; x_wconf 88' lang='lat' dir='ltr'>tassem,</span> <span class='ocrx_word' id='word_1_186' title='bbox 415 3370 465 3422; x_wconf 85' lang='lat' dir='ltr'>nisi</span> <span class='ocrx_word' id='word_1_187' title='bbox 483 3389 539 3422; x_wconf 87' lang='lat' dir='ltr'>rem</span> <span class='ocrx_word' id='word_1_188' title='bbox 558 3373 635 3424; x_wconf 88' lang='lat' dir='ltr'>nobis</span> <span class='ocrx_word' id='word_1_189' title='bbox 653 3391 713 3425; x_wconf 89' lang='lat' dir='ltr'>cum</span> <span class='ocrx_word' id='word_1_190' title='bbox 733 3373 794 3445; x_wconf 83' lang='lat' dir='ltr'>pbi-</span> 
     </span>
     <span class='ocr_line' id='line_1_33' title="bbox 286 3453 793 3528; baseline 0.01 -21"><span class='ocrx_word' id='word_1_191' title='bbox 286 3453 398 3526; x_wconf 83' lang='lat' dir='ltr'>losoplro</span> <span class='ocrx_word' id='word_1_192' title='bbox 415 3475 501 3527; x_wconf 87' lang='lat' dir='ltr'>neque</span> <span class='ocrx_word' id='word_1_193' title='bbox 518 3457 663 3510; x_wconf 76' lang='lat' dir='ltr'>admodum</span> <span class='ocrx_word' id='word_1_194' title='bbox 681 3458 793 3528; x_wconf 73' lang='lat' dir='ltr'>eleganti</span> 
     </span>
     <span class='ocr_line' id='line_1_34' title="bbox 286 3543 794 3615; baseline -0.002 -19"><span class='ocrx_word' id='word_1_195' title='bbox 286 3543 414 3615; x_wconf 85' lang='lat' dir='ltr'>scriptore</span> <span class='ocrx_word' id='word_1_196' title='bbox 424 3563 478 3596; x_wconf 86' lang='lat' dir='ltr'>esse</span> <span class='ocrx_word' id='word_1_197' title='bbox 487 3543 670 3614; x_wconf 82' lang='lat' dir='ltr'>intelligerem,</span> <span class='ocrx_word' id='word_1_198' title='bbox 679 3544 721 3595; x_wconf 83' lang='lat' dir='ltr'>eui</span> <span class='ocrx_word' id='word_1_199' title='bbox 728 3563 794 3612; x_wconf 84' lang='lat' dir='ltr'>par-</span> 
     </span>
     <span class='ocr_line' id='line_1_35' title="bbox 286 3629 793 3703; baseline 0.004 -21"><span class='ocrx_word' id='word_1_200' title='bbox 286 3641 327 3683; x_wconf 84' lang='lat' dir='ltr'>tes</span> <span class='ocrx_word' id='word_1_201' title='bbox 352 3649 401 3700; x_wconf 91' lang='lat' dir='ltr'>pro</span> <span class='ocrx_word' id='word_1_202' title='bbox 422 3629 541 3684; x_wconf 79' lang='lat' dir='ltr'>meminis</span> <span class='ocrx_word' id='word_1_203' title='bbox 565 3632 617 3685; x_wconf 88' lang='lat' dir='ltr'>dici</span> <span class='ocrx_word' id='word_1_204' title='bbox 641 3651 716 3703; x_wconf 88' lang='lat' dir='ltr'>posse</span> <span class='ocrx_word' id='word_1_205' title='bbox 736 3651 793 3684; x_wconf 85' lang='lat' dir='ltr'>non</span> 
     </span>
     <span class='ocr_line' id='line_1_36' title="bbox 285 3719 792 3792; baseline 0.002 -19"><span class='ocrx_word' id='word_1_206' title='bbox 285 3731 323 3774; x_wconf 86' lang='lat' dir='ltr'>est</span> <span class='ocrx_word' id='word_1_207' title='bbox 341 3719 469 3787; x_wconf 89' lang='lat' dir='ltr'>dubium,</span> <span class='ocrx_word' id='word_1_208' title='bbox 498 3722 651 3792; x_wconf 87' lang='lat' dir='ltr'>praesertim</span> <span class='ocrx_word' id='word_1_209' title='bbox 674 3719 702 3772; x_wconf 93' lang='lat' dir='ltr'>in</span> <span class='ocrx_word' id='word_1_210' title='bbox 722 3731 792 3774; x_wconf 88' lang='lat' dir='ltr'>tanta</span> 
     </span>
     <span class='ocr_line' id='line_1_37' title="bbox 284 3809 794 3881; baseline -0.006 -18"><span class='ocrx_word' id='word_1_211' title='bbox 284 3809 484 3881; x_wconf 66' lang='lat' dir='ltr'>significationis</span> <span class='ocrx_word' id='word_1_212' title='bbox 503 3810 640 3880; x_wconf 87' lang='lat' dir='ltr'>utriusque</span> <span class='ocrx_word' id='word_1_213' title='bbox 664 3809 735 3862; x_wconf 76' lang='lat' dir='ltr'>vocis</span> <span class='ocrx_word' id='word_1_214' title='bbox 752 3809 794 3861; x_wconf 88' lang='lat' dir='ltr'>al-</span> 
     </span>
     <span class='ocr_line' id='line_1_38' title="bbox 284 3896 792 3970; baseline 0.002 -23"><span class='ocrx_word' id='word_1_215' title='bbox 284 3897 400 3964; x_wconf 86' lang='lat' dir='ltr'>srnitnte,</span> <span class='ocrx_word' id='word_1_216' title='bbox 419 3917 471 3970; x_wconf 85' lang='lat' dir='ltr'>qua</span> <span class='ocrx_word' id='word_1_217' title='bbox 492 3909 603 3969; x_wconf 87' lang='lat' dir='ltr'>utraque</span> <span class='ocrx_word' id='word_1_218' title='bbox 623 3896 792 3969; x_wconf 81' lang='lat' dir='ltr'>copulantur,</span> 
     </span>
     <span class='ocr_line' id='line_1_39' title="bbox 284 3983 793 4059; baseline 0.008 -26"><span class='ocrx_word' id='word_1_219' title='bbox 284 3993 314 4034; x_wconf 90' lang='lat' dir='ltr'>ut</span> <span class='ocrx_word' id='word_1_220' title='bbox 327 3987 398 4054; x_wconf 89' lang='lat' dir='ltr'>apud</span> <span class='ocrx_word' id='word_1_221' title='bbox 412 3985 592 4059; x_wconf 80' lang='lat' dir='ltr'>Nicephorum</span> <span class='ocrx_word' id='word_1_222' title='bbox 605 3985 632 4038; x_wconf 89' lang='lat' dir='ltr'>in</span> <span class='ocrx_word' id='word_1_223' title='bbox 646 3985 712 4038; x_wconf 87' lang='lat' dir='ltr'>Maii</span> <span class='ocrx_word' id='word_1_224' title='bbox 724 3983 793 4038; x_wconf 89' lang='lat' dir='ltr'>Coll.</span> 
     </span>
     <span class='ocr_line' id='line_1_40' title="bbox 285 4073 793 4148; baseline 0.008 -28"><span class='ocrx_word' id='word_1_225' title='bbox 285 4087 346 4120; x_wconf 85' lang='lat' dir='ltr'>nor.</span> <span class='ocrx_word' id='word_1_226' title='bbox 366 4073 425 4123; x_wconf 88' lang='lat' dir='ltr'>Vat.</span> <span class='ocrx_word' id='word_1_227' title='bbox 443 4074 475 4126; x_wconf 87' lang='grc' dir='ltr'>Τ.</span> <span class='ocrx_word' id='word_1_228' title='bbox 489 4075 520 4129; x_wconf 93' lang='lat' dir='ltr'>ll.</span> <span class='ocrx_word' id='word_1_229' title='bbox 544 4095 571 4148; x_wconf 88' lang='lat' dir='ltr'>p.</span> <span class='ocrx_word' id='word_1_230' title='bbox 587 4078 648 4130; x_wconf 75' lang='lat'>612.</span> <span class='ocrx_word' id='word_1_231' title='bbox 687 4073 793 4142; x_wconf 90' lang='lat' dir='ltr'>Quam·</span> 
     </span>
     <span class='ocr_line' id='line_1_41' title="bbox 284 4156 793 4233; baseline 0.014 -26"><span class='ocrx_word' id='word_1_232' title='bbox 284 4173 365 4229; x_wconf 87' lang='lat' dir='ltr'>quam</span> <span class='ocrx_word' id='word_1_233' title='bbox 375 4156 445 4210; x_wconf 86' lang='lat' dir='ltr'>inter</span> <span class='ocrx_word' id='word_1_234' title='bbox 455 4171 596 4233; x_wconf 84' lang='lat' dir='ltr'>utramque</span> <span class='ocrx_word' id='word_1_235' title='bbox 606 4179 697 4217; x_wconf 79' lang='lat' dir='ltr'>rocem</span> <span class='ocrx_word' id='word_1_236' title='bbox 709 4161 793 4232; x_wconf 83' lang='lat' dir='ltr'>probe</span> 
     </span>
    </p>
   </div>
   <div class='ocr_carea' id='block_1_5' title="bbox 855 1454 1366 2121">
    <p class='ocr_par' dir='ltr' id='par_1_5' title="bbox 855 1454 1366 2121">
     <span class='ocr_line' id='line_1_42' title="bbox 859 1454 1366 1526; baseline -0.006 -18"><span class='ocrx_word' id='word_1_237' title='bbox 859 1456 953 1526; x_wconf 90' lang='lat' dir='ltr'>Praep.</span> <span class='ocrx_word' id='word_1_238' title='bbox 971 1475 1061 1526; x_wconf 78' lang='lat' dir='ltr'>evang.</span> <span class='ocrx_word' id='word_1_239' title='bbox 1080 1454 1175 1520; x_wconf 85' lang='grc'><strong>111,10.</strong></span> <span class='ocrx_word' id='word_1_240' title='bbox 1188 1457 1290 1526; x_wconf 83' lang='lat' dir='ltr'><strong>p.1⁰5:</strong></span> <span class='ocrx_word' id='word_1_241' title='bbox 1309 1456 1366 1506; x_wconf 84' lang='grc' dir='ltr'><strong><em>νοῦν</em></strong></span> 
     </span>
     <span class='ocr_line' id='line_1_43' title="bbox 858 1538 1366 1612; baseline -0.008 -16"><span class='ocrx_word' id='word_1_242' title='bbox 858 1541 941 1596; x_wconf 66' lang='grc' dir='ltr'><strong><em>αὐτοῦ</em></strong></span> <span class='ocrx_word' id='word_1_243' title='bbox 958 1541 1004 1595; x_wconf 82' lang='grc' dir='ltr'><strong><em>τάν</em></strong></span> <span class='ocrx_word' id='word_1_244' title='bbox 1022 1547 1133 1612; x_wconf 75' lang='grc' dir='ltr'><strong><em>αλθλρα,</em></strong></span> <span class='ocrx_word' id='word_1_245' title='bbox 1155 1543 1220 1610; x_wconf 75' lang='grc' dir='ltr'><strong><em>μλλη</em></strong></span> <span class='ocrx_word' id='word_1_246' title='bbox 1237 1562 1266 1592; x_wconf 82' lang='grc' dir='ltr'><strong><em>τε</em></strong></span> <span class='ocrx_word' id='word_1_247' title='bbox 1283 1538 1366 1592; x_wconf 73' lang='grc' dir='ltr'><strong><em>αὐτοῦ</em></strong></span> 
     </span>
     <span class='ocr_line' id='line_1_44' title="bbox 857 1626 1364 1698; baseline -0.008 -16"><span class='ocrx_word' id='word_1_248' title='bbox 857 1637 901 1682; x_wconf 70' lang='grc' dir='ltr'><strong><em>καλ</em></strong></span> <span class='ocrx_word' id='word_1_249' title='bbox 911 1637 984 1692; x_wconf 73' lang='grc' dir='ltr'><strong><em>σῶμα</em></strong></span> <span class='ocrx_word' id='word_1_250' title='bbox 993 1630 1030 1681; x_wconf 81' lang='grc' dir='ltr'><strong><em>τά</em></strong></span> <span class='ocrx_word' id='word_1_251' title='bbox 1040 1626 1119 1681; x_wconf 78' lang='grc' dir='ltr'><strong><em>λοιπά</em></strong></span> <span class='ocrx_word' id='word_1_252' title='bbox 1128 1630 1178 1680; x_wconf 82' lang='grc' dir='ltr'><strong><em>τοῦ</em></strong></span> <span class='ocrx_word' id='word_1_253' title='bbox 1185 1629 1282 1690; x_wconf 70' lang='grc' dir='ltr'><strong><em>κόσμου</em></strong></span> <span class='ocrx_word' id='word_1_254' title='bbox 1290 1633 1364 1698; x_wconf 68' lang='lat' dir='ltr'>pipp.</span> 
     </span>
     <span class='ocr_line' id='line_1_45' title="bbox 857 1714 1364 1787; baseline -0.004 -17"><span class='ocrx_word' id='word_1_255' title='bbox 857 1718 886 1770; x_wconf 89' lang='lat' dir='ltr'>ln</span> <span class='ocrx_word' id='word_1_256' title='bbox 912 1717 1036 1770; x_wconf 82' lang='lat' dir='ltr'>llermete</span> <span class='ocrx_word' id='word_1_257' title='bbox 1060 1735 1103 1787; x_wconf 88' lang='lat' dir='ltr'>ap.</span> <span class='ocrx_word' id='word_1_258' title='bbox 1123 1714 1198 1768; x_wconf 88' lang='lat' dir='ltr'>Stob.</span> <span class='ocrx_word' id='word_1_259' title='bbox 1215 1715 1271 1767; x_wconf 87' lang='lat' dir='ltr'>Ecl.</span> <span class='ocrx_word' id='word_1_260' title='bbox 1289 1714 1364 1785; x_wconf 82' lang='lat' dir='ltr'>phys.</span> 
     </span>
     <span class='ocr_line' id='line_1_46' title="bbox 855 1800 1365 1876; baseline -0.006 -19"><span class='ocrx_word' id='word_1_261' title='bbox 855 1805 888 1857; x_wconf 83' lang='lat' dir='ltr'>T.</span> <span class='ocrx_word' id='word_1_262' title='bbox 902 1805 933 1857; x_wconf 92' lang='lat' dir='ltr'>Il.</span> <span class='ocrx_word' id='word_1_263' title='bbox 953 1825 979 1876; x_wconf 91' lang='lat' dir='ltr'>p.</span> <span class='ocrx_word' id='word_1_264' title='bbox 994 1807 1045 1858; x_wconf 77' lang='grc'>993</span> <span class='ocrx_word' id='word_1_265' title='bbox 1073 1814 1144 1857; x_wconf 86' lang='lat' dir='ltr'>recte</span> <span class='ocrx_word' id='word_1_266' title='bbox 1162 1803 1308 1856; x_wconf 79' lang='lat' dir='ltr'>Haerenius</span> <span class='ocrx_word' id='word_1_267' title='bbox 1329 1800 1365 1854; x_wconf 83' lang='grc' dir='ltr'><strong><em>τά</em></strong></span> 
     </span>
     <span class='ocr_line' id='line_1_47' title="bbox 855 1886 1267 1963; baseline -0.005 -21"><span class='ocrx_word' id='word_1_268' title='bbox 855 1897 920 1963; x_wconf 70' lang='grc' dir='ltr'><strong><em>μέρη</em></strong></span> <span class='ocrx_word' id='word_1_269' title='bbox 939 1892 1057 1962; x_wconf 87' lang='lat' dir='ltr'>reposuit</span> <span class='ocrx_word' id='word_1_270' title='bbox 1074 1911 1125 1963; x_wconf 88' lang='lat' dir='ltr'>pro</span> <span class='ocrx_word' id='word_1_271' title='bbox 1142 1886 1177 1942; x_wconf 83' lang='grc' dir='ltr'><strong><em>τά</em></strong></span> <span class='ocrx_word' id='word_1_272' title='bbox 1194 1892 1267 1958; x_wconf 67' lang='grc' dir='ltr'><strong><em>μέλη.</em></strong></span> 
     </span>
     <span class='ocr_line' id='line_1_48' title="bbox 891 1976 1364 2051; baseline -0.008 -19"><span class='ocrx_word' id='word_1_273' title='bbox 891 1981 1027 2051; x_wconf 76' lang='grc' dir='ltr'><strong><em>λγσλρισαν]</em></strong></span> <span class='ocrx_word' id='word_1_274' title='bbox 1055 1979 1229 2032; x_wconf 79' lang='lat' dir='ltr'>Villoiscnus:</span> <span class='ocrx_word' id='word_1_275' title='bbox 1261 1976 1364 2047; x_wconf 84' lang='lat' dir='ltr'>„Sepa-</span> 
     </span>
     <span class='ocr_line' id='line_1_49' title="bbox 856 2065 1365 2121; baseline -0.006 -2"><span class='ocrx_word' id='word_1_276' title='bbox 856 2087 915 2120; x_wconf 83' lang='lat' dir='ltr'>rare</span> <span class='ocrx_word' id='word_1_277' title='bbox 932 2078 1136 2121; x_wconf 81' lang='lat' dir='ltr'>consueverunt:</span> <span class='ocrx_word' id='word_1_278' title='bbox 1156 2066 1221 2120; x_wconf 84' lang='lat' dir='ltr'>baec</span> <span class='ocrx_word' id='word_1_279' title='bbox 1238 2065 1275 2118; x_wconf 78' lang='lat' dir='ltr'>vis</span> <span class='ocrx_word' id='word_1_280' title='bbox 1292 2065 1365 2117; x_wconf 81' lang='lat' dir='ltr'>aori·</span> 
     </span>
    </p>
   </div>
   <div class='ocr_carea' id='block_1_6' title="bbox 848 2152 1363 4057">
    <p class='ocr_par' dir='ltr' id='par_1_6' title="bbox 853 2152 1363 2484">
     <span class='ocr_line' id='line_1_50' title="bbox 855 2152 1363 2222; baseline -0.002 -17"><span class='ocrx_word' id='word_1_281' title='bbox 855 2154 911 2205; x_wconf 88' lang='lat' dir='ltr'>sti.”</span> <span class='ocrx_word' id='word_1_282' title='bbox 929 2153 1114 2208; x_wconf 83' lang='lat' dir='ltr'>Cs.Mattlriaei</span> <span class='ocrx_word' id='word_1_283' title='bbox 1123 2154 1172 2206; x_wconf 90' lang='lat' dir='ltr'>Gr.</span> <span class='ocrx_word' id='word_1_284' title='bbox 1181 2153 1229 2205; x_wconf 89' lang='lat' dir='ltr'>Gr.</span> <span class='ocrx_word' id='word_1_285' title='bbox 1240 2152 1363 2222; x_wconf 72' lang='lat'>§.503,3.</span> 
     </span>
     <span class='ocr_line' id='line_1_51' title="bbox 855 2238 1363 2310; baseline 0.002 -20"><span class='ocrx_word' id='word_1_286' title='bbox 855 2259 880 2308; x_wconf 92' lang='lat' dir='ltr'>p.</span> <span class='ocrx_word' id='word_1_287' title='bbox 892 2243 945 2292; x_wconf 77' lang='grc'><strong>7113</strong></span> <span class='ocrx_word' id='word_1_288' title='bbox 967 2241 1007 2291; x_wconf 88' lang='lat' dir='ltr'>ed.</span> <span class='ocrx_word' id='word_1_289' title='bbox 1019 2260 1059 2310; x_wconf 89' lang='lat' dir='ltr'>pr.</span> <span class='ocrx_word' id='word_1_290' title='bbox 1071 2240 1093 2290; x_wconf 84' lang='lat' dir='ltr'>F</span> <span class='ocrx_word' id='word_1_291' title='bbox 1095 2238 1191 2291; x_wconf 82' lang='lat' dir='ltr'>ritsclaii</span> <span class='ocrx_word' id='word_1_292' title='bbox 1209 2238 1315 2291; x_wconf 89' lang='lat' dir='ltr'>Comm.</span> <span class='ocrx_word' id='word_1_293' title='bbox 1330 2239 1363 2291; x_wconf 86' lang='lat' dir='ltr'>de</span> 
     </span>
     <span class='ocr_line' id='line_1_52' title="bbox 854 2325 1362 2395; baseline -0.002 -17"><span class='ocrx_word' id='word_1_294' title='bbox 854 2326 943 2379; x_wconf 81' lang='lat' dir='ltr'>coristi</span> <span class='ocrx_word' id='word_1_295' title='bbox 961 2325 1127 2379; x_wconf 85' lang='lat' dir='ltr'>Graecorum</span> <span class='ocrx_word' id='word_1_296' title='bbox 1147 2325 1170 2377; x_wconf 85' lang='lat' dir='ltr'>vi</span> <span class='ocrx_word' id='word_1_297' title='bbox 1192 2336 1218 2377; x_wconf 86' lang='lat' dir='ltr'>et</span> <span class='ocrx_word' id='word_1_298' title='bbox 1235 2335 1362 2395; x_wconf 82' lang='lat' dir='ltr'>potestate</span> 
     </span>
     <span class='ocr_line' id='line_1_53' title="bbox 853 2411 1158 2484; baseline 0.007 -22"><span class='ocrx_word' id='word_1_299' title='bbox 853 2411 956 2478; x_wconf 87' lang='lat' dir='ltr'>(Gissae</span> <span class='ocrx_word' id='word_1_300' title='bbox 974 2412 1058 2480; x_wconf 75' lang='lat'>1836)</span> <span class='ocrx_word' id='word_1_301' title='bbox 1076 2433 1101 2484; x_wconf 92' lang='lat' dir='ltr'>p.</span> <span class='ocrx_word' id='word_1_302' title='bbox 1116 2415 1158 2464; x_wconf 90' lang='grc'>11.</span> 
     </span>
    </p>

    <p class='ocr_par' dir='ltr' id='par_1_7' title="bbox 853 2495 1361 2746">
     <span class='ocr_line' id='line_1_54' title="bbox 890 2495 1361 2569; baseline 0.004 -19"><span class='ocrx_word' id='word_1_303' title='bbox 890 2495 906 2566; x_wconf 80' lang='grc' dir='ltr'><em>ἡ</em></span> <span class='ocrx_word' id='word_1_304' title='bbox 919 2503 954 2558; x_wconf 67' lang='grc' dir='ltr'>εἰς</span> <span class='ocrx_word' id='word_1_305' title='bbox 967 2497 1062 2569; x_wconf 71' lang='lat' dir='ltr'>verimi]</span> <span class='ocrx_word' id='word_1_306' title='bbox 1082 2499 1127 2553; x_wconf 87' lang='lat' dir='ltr'>Sic</span> <span class='ocrx_word' id='word_1_307' title='bbox 1138 2519 1200 2552; x_wconf 90' lang='lat' dir='ltr'>curn</span> <span class='ocrx_word' id='word_1_308' title='bbox 1213 2499 1361 2552; x_wconf 88' lang='lat' dir='ltr'>Villoisono</span> 
     </span>
     <span class='ocr_line' id='line_1_55' title="bbox 853 2585 1360 2654; baseline 0.004 -16"><span class='ocrx_word' id='word_1_309' title='bbox 853 2585 913 2638; x_wconf 90' lang='lat' dir='ltr'>dedi</span> <span class='ocrx_word' id='word_1_310' title='bbox 932 2606 962 2638; x_wconf 81' lang='lat' dir='ltr'>er</span> <span class='ocrx_word' id='word_1_311' title='bbox 979 2587 1040 2640; x_wconf 87' lang='lat' dir='ltr'>Par.</span> <span class='ocrx_word' id='word_1_312' title='bbox 1058 2592 1091 2654; x_wconf 77' lang='lat' dir='ltr'>t,</span> <span class='ocrx_word' id='word_1_313' title='bbox 1116 2588 1253 2641; x_wconf 86' lang='lat' dir='ltr'>omittente</span> <span class='ocrx_word' id='word_1_314' title='bbox 1272 2598 1360 2641; x_wconf 85' lang='lat' dir='ltr'>tamen</span> 
     </span>
     <span class='ocr_line' id='line_1_56' title="bbox 853 2673 1308 2746; baseline -0.002 -18"><span class='ocrx_word' id='word_1_315' title='bbox 853 2673 1003 2728; x_wconf 87' lang='lat' dir='ltr'>articulum.</span> <span class='ocrx_word' id='word_1_316' title='bbox 1039 2676 1129 2746; x_wconf 77' lang='lat' dir='ltr'>Vulgo</span> <span class='ocrx_word' id='word_1_317' title='bbox 1149 2673 1165 2744; x_wconf 83' lang='lat' dir='ltr'>&#39;l</span> <span class='ocrx_word' id='word_1_318' title='bbox 1183 2680 1218 2734; x_wconf 82' lang='grc' dir='ltr'>ιλς</span> <span class='ocrx_word' id='word_1_319' title='bbox 1234 2673 1308 2728; x_wconf 83' lang='grc' dir='ltr'><strong><em>αύτό,</em></strong></span> 
     </span>
    </p>

    <p class='ocr_par' dir='ltr' id='par_1_8' title="bbox 854 2759 1360 2905">
     <span class='ocr_line' id='line_1_57' title="bbox 887 2759 1360 2832; baseline 0.004 -20"><span class='ocrx_word' id='word_1_320' title='bbox 887 2759 1106 2832; x_wconf 79' lang='grc' dir='ltr'><strong><em>τοῡΛσιιούργσυ]</em></strong></span> <span class='ocrx_word' id='word_1_321' title='bbox 1123 2763 1272 2816; x_wconf 77' lang='lat' dir='ltr'>Articulum</span> <span class='ocrx_word' id='word_1_322' title='bbox 1281 2762 1360 2815; x_wconf 90' lang='lat' dir='ltr'>omit-</span> 
     </span>
     <span class='ocr_line' id='line_1_58' title="bbox 854 2851 1116 2905; baseline 0 -2"><span class='ocrx_word' id='word_1_323' title='bbox 854 2861 912 2904; x_wconf 89' lang='lat' dir='ltr'>tunt</span> <span class='ocrx_word' id='word_1_324' title='bbox 932 2851 993 2903; x_wconf 88' lang='lat' dir='ltr'>Par.</span> <span class='ocrx_word' id='word_1_325' title='bbox 1010 2856 1029 2905; x_wconf 80' lang='lat'>4</span> <span class='ocrx_word' id='word_1_326' title='bbox 1046 2862 1073 2904; x_wconf 88' lang='lat' dir='ltr'>et</span> <span class='ocrx_word' id='word_1_327' title='bbox 1092 2854 1116 2904; x_wconf 76' lang='lat'>5.</span> 
     </span>
    </p>

    <p class='ocr_par' dir='ltr' id='par_1_9' title="bbox 848 2935 1360 3619">
     <span class='ocr_line' id='line_1_59' title="bbox 887 2935 1360 3005; baseline 0.004 -17"><span class='ocrx_word' id='word_1_328' title='bbox 887 2935 899 2988; x_wconf 82' lang='lat' dir='ltr'>d</span> <span class='ocrx_word' id='word_1_329' title='bbox 915 2935 977 2995; x_wconf 72' lang='grc' dir='ltr'>θεάς</span> <span class='ocrx_word' id='word_1_330' title='bbox 992 2938 1038 2988; x_wconf 69' lang='lat' dir='ltr'>lov</span> <span class='ocrx_word' id='word_1_331' title='bbox 1056 2935 1125 2988; x_wconf 75' lang='lat' dir='ltr'>amri</span> <span class='ocrx_word' id='word_1_332' title='bbox 1139 2935 1288 3005; x_wconf 73' lang='grc' dir='ltr'><strong><em>θαλάττης]</em></strong></span> <span class='ocrx_word' id='word_1_333' title='bbox 1306 2939 1360 2990; x_wconf 86' lang='lat' dir='ltr'>Rc-</span> 
     </span>
     <span class='ocr_line' id='line_1_60' title="bbox 851 3023 1359 3096; baseline -0.004 -18"><span class='ocrx_word' id='word_1_334' title='bbox 851 3025 910 3096; x_wconf 85' lang='lat' dir='ltr'>cepi</span> <span class='ocrx_word' id='word_1_335' title='bbox 922 3023 1097 3095; x_wconf 83' lang='lat' dir='ltr'>adstipulante</span> <span class='ocrx_word' id='word_1_336' title='bbox 1106 3025 1254 3078; x_wconf 87' lang='lat' dir='ltr'>Villoisono</span> <span class='ocrx_word' id='word_1_337' title='bbox 1264 3045 1293 3076; x_wconf 86' lang='lat' dir='ltr'>er</span> <span class='ocrx_word' id='word_1_338' title='bbox 1304 3043 1359 3078; x_wconf 89' lang='lat' dir='ltr'>uno</span> 
     </span>
     <span class='ocr_line' id='line_1_61' title="bbox 849 3111 1359 3184; baseline 0 -20"><span class='ocrx_word' id='word_1_339' title='bbox 849 3112 932 3166; x_wconf 87' lang='lat' dir='ltr'>Paris.</span> <span class='ocrx_word' id='word_1_340' title='bbox 950 3115 975 3166; x_wconf 66' lang='grc' dir='ltr'><strong><em>λ</em></strong></span> <span class='ocrx_word' id='word_1_341' title='bbox 1004 3111 1095 3184; x_wconf 72' lang='lat' dir='ltr'>Vulgo</span> <span class='ocrx_word' id='word_1_342' title='bbox 1113 3113 1231 3166; x_wconf 79' lang='lat' dir='ltr'>mutilata</span> <span class='ocrx_word' id='word_1_343' title='bbox 1253 3122 1359 3165; x_wconf 85' lang='lat' dir='ltr'>senten-</span> 
     </span>
     <span class='ocr_line' id='line_1_62' title="bbox 850 3197 1356 3267; baseline -0.008 -14"><span class='ocrx_word' id='word_1_344' title='bbox 850 3199 885 3253; x_wconf 85' lang='lat' dir='ltr'>tia</span> <span class='ocrx_word' id='word_1_345' title='bbox 912 3199 973 3260; x_wconf 75' lang='grc' dir='ltr'>θεάς</span> <span class='ocrx_word' id='word_1_346' title='bbox 998 3202 1033 3258; x_wconf 70' lang='lat' dir='ltr'>alc</span> <span class='ocrx_word' id='word_1_347' title='bbox 1058 3197 1093 3252; x_wconf 85' lang='grc' dir='ltr'><strong><em>τά</em></strong></span> <span class='ocrx_word' id='word_1_348' title='bbox 1118 3198 1186 3254; x_wconf 68' lang='grc' dir='ltr'><strong><em>κατά</em></strong></span> <span class='ocrx_word' id='word_1_349' title='bbox 1210 3201 1356 3267; x_wconf 72' lang='grc' dir='ltr'><strong><em>θαλάττης.</em></strong></span> 
     </span>
     <span class='ocr_line' id='line_1_63' title="bbox 849 3287 1358 3360; baseline 0.002 -21"><span class='ocrx_word' id='word_1_350' title='bbox 849 3287 910 3340; x_wconf 89' lang='lat' dir='ltr'>Non</span> <span class='ocrx_word' id='word_1_351' title='bbox 931 3300 1020 3342; x_wconf 87' lang='lat' dir='ltr'>tamen</span> <span class='ocrx_word' id='word_1_352' title='bbox 1040 3305 1090 3360; x_wconf 84' lang='lat' dir='ltr'>ego</span> <span class='ocrx_word' id='word_1_353' title='bbox 1108 3288 1285 3354; x_wconf 84' lang='lat' dir='ltr'>intercedam,</span> <span class='ocrx_word' id='word_1_354' title='bbox 1304 3305 1358 3359; x_wconf 86' lang='lat' dir='ltr'>quo</span> 
     </span>
     <span class='ocr_line' id='line_1_64' title="bbox 851 3375 1358 3448; baseline -0.004 -21"><span class='ocrx_word' id='word_1_355' title='bbox 851 3377 938 3429; x_wconf 89' lang='lat' dir='ltr'>minus</span> <span class='ocrx_word' id='word_1_356' title='bbox 947 3377 1052 3448; x_wconf 73' lang='lat' dir='ltr'>vulgata</span> <span class='ocrx_word' id='word_1_357' title='bbox 1062 3377 1102 3429; x_wconf 77' lang='lat' dir='ltr'>vel</span> <span class='ocrx_word' id='word_1_358' title='bbox 1112 3377 1184 3447; x_wconf 89' lang='lat' dir='ltr'>quod</span> <span class='ocrx_word' id='word_1_359' title='bbox 1194 3375 1273 3428; x_wconf 87' lang='lat' dir='ltr'>habet</span> <span class='ocrx_word' id='word_1_360' title='bbox 1281 3375 1358 3426; x_wconf 78' lang='lat' dir='ltr'>Laus.</span> 
     </span>
     <span class='ocr_line' id='line_1_65' title="bbox 848 3461 1357 3530; baseline -0.01 -15"><span class='ocrx_word' id='word_1_361' title='bbox 848 3467 920 3521; x_wconf 68' lang='lat' dir='ltr'>dale</span> <span class='ocrx_word' id='word_1_362' title='bbox 939 3461 969 3515; x_wconf 84' lang='grc' dir='ltr'><strong><em>τά</em></strong></span> <span class='ocrx_word' id='word_1_363' title='bbox 993 3464 1060 3517; x_wconf 75' lang='grc' dir='ltr'><strong><em>κατά</em></strong></span> <span class='ocrx_word' id='word_1_364' title='bbox 1084 3466 1132 3530; x_wconf 78' lang='grc' dir='ltr'>τῆς</span> <span class='ocrx_word' id='word_1_365' title='bbox 1155 3462 1294 3528; x_wconf 71' lang='grc' dir='ltr'><strong><em>θαλάττης</em></strong></span> <span class='ocrx_word' id='word_1_366' title='bbox 1313 3479 1357 3511; x_wconf 86' lang='lat' dir='ltr'>re·</span> 
     </span>
     <span class='ocr_line' id='line_1_66' title="bbox 849 3547 1330 3619; baseline -0.002 -19"><span class='ocrx_word' id='word_1_367' title='bbox 849 3561 974 3619; x_wconf 87' lang='lat' dir='ltr'>ponatur,</span> <span class='ocrx_word' id='word_1_368' title='bbox 993 3549 1109 3602; x_wconf 89' lang='lat' dir='ltr'>simodo</span> <span class='ocrx_word' id='word_1_369' title='bbox 1127 3549 1173 3599; x_wconf 73' lang='lat' dir='ltr'>ido</span> <span class='ocrx_word' id='word_1_370' title='bbox 1190 3547 1330 3599; x_wconf 85' lang='lat' dir='ltr'>inseratur.</span> 
     </span>
    </p>

    <p class='ocr_par' dir='ltr' id='par_1_10' title="bbox 849 3633 1356 3776">
     <span class='ocr_line' id='line_1_67' title="bbox 884 3633 1356 3702; baseline -0.006 -16"><span class='ocrx_word' id='word_1_371' title='bbox 884 3639 932 3686; x_wconf 73' lang='grc' dir='ltr'>εἰσι</span> <span class='ocrx_word' id='word_1_372' title='bbox 952 3637 1001 3686; x_wconf 83' lang='grc' dir='ltr'><strong><em>τού</em></strong></span> <span class='ocrx_word' id='word_1_373' title='bbox 1023 3636 1161 3702; x_wconf 84' lang='grc' dir='ltr'><strong><em>Διονύσου]</em></strong></span> <span class='ocrx_word' id='word_1_374' title='bbox 1188 3633 1284 3686; x_wconf 66' lang='lat' dir='ltr'>Pani</span> <span class='ocrx_word' id='word_1_375' title='bbox 1307 3635 1356 3684; x_wconf 81' lang='grc' dir='ltr'><strong><em>τοῦ</em></strong></span> 
     </span>
     <span class='ocr_line' id='line_1_68' title="bbox 849 3722 1050 3776; baseline 0.01 -1"><span class='ocrx_word' id='word_1_376' title='bbox 849 3722 976 3775; x_wconf 84' lang='grc' dir='ltr'><strong><em>Διονύσου</em></strong></span> <span class='ocrx_word' id='word_1_377' title='bbox 995 3724 1050 3776; x_wconf 77' lang='grc' dir='ltr'><strong><em>εἰσι.</em></strong></span> 
     </span>
    </p>

    <p class='ocr_par' dir='ltr' id='par_1_11' title="bbox 884 3805 1311 3880">
     <span class='ocr_line' id='line_1_69' title="bbox 884 3805 1311 3880; baseline 0 -20"><span class='ocrx_word' id='word_1_378' title='bbox 884 3806 1028 3878; x_wconf 76' lang='grc' dir='ltr'><strong><em>τρυγητής]</em></strong></span> <span class='ocrx_word' id='word_1_379' title='bbox 1048 3808 1127 3864; x_wconf 85' lang='lat' dir='ltr'>Laur.</span> <span class='ocrx_word' id='word_1_380' title='bbox 1145 3813 1160 3863; x_wconf 88' lang='lat'><strong>1</strong></span> <span class='ocrx_word' id='word_1_381' title='bbox 1179 3805 1311 3880; x_wconf 74' lang='grc' dir='ltr'><strong><em>τρύγετος.</em></strong></span> 
     </span>
    </p>

    <p class='ocr_par' dir='ltr' id='par_1_12' title="bbox 848 3892 1354 4057">
     <span class='ocr_line' id='line_1_70' title="bbox 884 3892 1354 3965; baseline 0.013 -19"><span class='ocrx_word' id='word_1_382' title='bbox 884 3892 1070 3965; x_wconf 74' lang='grc' dir='ltr'><strong><em>σ’πικάσμησιν]</em></strong></span> <span class='ocrx_word' id='word_1_383' title='bbox 1087 3895 1354 3960; x_wconf 57' lang='lat' dir='ltr'>pentametrum.</span> 
     </span>
     <span class='ocr_line' id='line_1_71' title="bbox 848 3983 1354 4057; baseline 0.002 -20"><span class='ocrx_word' id='word_1_384' title='bbox 848 3984 945 4037; x_wconf 85' lang='lat' dir='ltr'>Rarior</span> <span class='ocrx_word' id='word_1_385' title='bbox 962 3983 1006 4036; x_wconf 90' lang='lat' dir='ltr'>illa</span> <span class='ocrx_word' id='word_1_386' title='bbox 1025 4003 1072 4036; x_wconf 79' lang='lat' dir='ltr'>vox</span> <span class='ocrx_word' id='word_1_387' title='bbox 1088 3994 1168 4038; x_wconf 78' lang='lat' dir='ltr'>exstat</span> <span class='ocrx_word' id='word_1_388' title='bbox 1183 3985 1212 4038; x_wconf 88' lang='lat' dir='ltr'>in</span> <span class='ocrx_word' id='word_1_389' title='bbox 1226 3983 1313 4057; x_wconf 84' lang='lat' dir='ltr'>lapide</span> <span class='ocrx_word' id='word_1_390' title='bbox 1326 3986 1354 4038; x_wconf 91' lang='lat' dir='ltr'>in</span> 
     </span>
    </p>
   </div>
   <div class='ocr_carea' id='block_1_7' title="bbox 848 4071 1358 4145">
    <p class='ocr_par' dir='ltr' id='par_1_13' title="bbox 848 4071 1358 4145">
     <span class='ocr_line' id='line_1_72' title="bbox 848 4071 1358 4145; baseline -0.006 -20"><span class='ocrx_word' id='word_1_391' title='bbox 848 4073 977 4125; x_wconf 84' lang='lat' dir='ltr'>Murator.</span> <span class='ocrx_word' id='word_1_392' title='bbox 992 4072 1095 4126; x_wconf 80' lang='lat' dir='ltr'>Anecd.</span> <span class='ocrx_word' id='word_1_393' title='bbox 1111 4071 1158 4126; x_wconf 85' lang='lat' dir='ltr'>Gr.</span> <span class='ocrx_word' id='word_1_394' title='bbox 1170 4071 1202 4126; x_wconf 89' lang='lat' dir='ltr'>T.</span> <span class='ocrx_word' id='word_1_395' title='bbox 1212 4073 1230 4126; x_wconf 92' lang='lat' dir='ltr'>l.</span> <span class='ocrx_word' id='word_1_396' title='bbox 1249 4094 1275 4145; x_wconf 89' lang='lat' dir='ltr'>p.</span> <span class='ocrx_word' id='word_1_397' title='bbox 1285 4076 1315 4126; x_wconf 82' lang='lat'>8:</span> <span class='ocrx_word' id='word_1_398' title='bbox 1333 4075 1358 4123; x_wconf 73' lang='grc' dir='ltr'>εἶ’</span> 
     </span>
    </p>
   </div>
   <div class='ocr_carea' id='block_1_8' title="bbox 848 4156 1318 4232">
    <p class='ocr_par' dir='ltr' id='par_1_14' title="bbox 848 4156 1318 4232">
     <span class='ocr_line' id='line_1_73' title="bbox 848 4156 1318 4232; baseline 0 -18"><span class='ocrx_word' id='word_1_399' title='bbox 848 4181 888 4220; x_wconf 75' lang='grc' dir='ltr'><strong><em>τις</em></strong></span> <span class='ocrx_word' id='word_1_400' title='bbox 906 4158 1065 4232; x_wconf 76' lang='grc' dir='ltr'><strong><em>άστιιύσμησε</em></strong></span> <span class='ocrx_word' id='word_1_401' title='bbox 1083 4165 1161 4214; x_wconf 82' lang='grc' dir='ltr'><strong><em>τοῦτο</em></strong></span> <span class='ocrx_word' id='word_1_402' title='bbox 1179 4157 1210 4212; x_wconf 87' lang='grc' dir='ltr'><strong><em>τά</em></strong></span> <span class='ocrx_word' id='word_1_403' title='bbox 1227 4156 1318 4231; x_wconf 74' lang='grc' dir='ltr'><strong><em>ἡρῶον.</em></strong></span> 
     </span>
    </p>
   </div>
   <div class='ocr_carea' id='block_1_9' title="bbox 0 0 1548 4840">
    <p class='ocr_par' dir='ltr' id='par_1_15' title="bbox 0 0 1548 4840">
     <span class='ocr_line' id='line_1_74' title="bbox 0 0 1548 4840; baseline 0 5"><span class='ocrx_word' id='word_1_404' title='bbox 0 0 1548 4840; x_wconf 95' lang='lat' dir='ltr'> </span> 
     </span>
    </p>
   </div>
  </div>
 </body>
</html>
