2972 4836
703 391 732 400 ··
796 375 872 416 xm
935 389 977 398 -···

292 530 434 591 Cornuto
455 523 574 588 discere
596 525 696 588 liceat.
741 525 906 585 Praeterea
922 541 1001 596 cunt,
1024 529 1058 582 ut
1074 520 1220 581 observat
1236 520 1392 604 Bracke-

292 650 346 692 rus
367 630 405 688 T.
427 629 449 688 l.
469 647 503 707 p.
524 629 606 703 sto,
634 625 799 706 principiis
824 623 1064 706 physiologicis,
1095 641 1176 704 quae
1196 621 1320 682 abunde
1345 623 1389 683 in

292 732 435 794 Cornuto
456 742 675 810 exponuntur,
696 728 850 790 innitatur
871 725 1016 788 doctrina
1036 725 1214 787 Stoicorum
1239 725 1390 798 nsoralis,

291 835 359 896 sine
380 835 530 894 horumce
558 831 787 912 principiorum
811 829 987 910 cognitione
1010 849 1066 890 nec
1088 827 1215 889 moralis
1237 827 1389 908 periecte

176 973 184 994 1
293 937 435 1017 cognosci
458 947 572 1015 potest.
615 932 897 996 ldem‘Bruckerus
918 931 955 991 T.
967 931 990 991 l.
1013 953 1044 1011 p.
1056 933 1121 992 920
1142 929 1389 992 similiter‘mo-

292 1051 422 1112 aruerat,
453 1035 681 1118 physiologiam
710 1034 846 1096 Stoicam
877 1052 914 1093 eo
942 1033 1039 1113 magis
1060 1045 1179 1094 attenta
1202 1032 1388 1096 considera-

291 1141 378 1204 tione
401 1141 526 1220 dignam
551 1159 626 1216 esse,
649 1135 744 1220 quod,
767 1149 802 1196 ut
825 1127 879 1214 sit,
908 1135 1004 1214 magis
1026 1135 1258 1214 magnificorum
1282 1149 1387 1219 atque

292 1242 530 1325 splendidorum
549 1242 714 1304 verborum
737 1251 850 1301 ornatu
869 1259 1023 1300 summam
1046 1239 1172 1301 iactavit
1191 1241 1386 1321 sapientiam

293 1360 326 1408 st
346 1345 549 1408 lundaments
571 1346 715 1428 praebuit
739 1343 851 1405 morali
870 1342 1088 1424 philosophiae
1107 1343 1241 1428 pauit),
1263 1345 1385 1426 quibus

293 1448 333 1510 ad
356 1451 455 1510 nubes
476 1466 575 1530 usqne
597 1457 749 1526 surgeret.
792 1443 876 1507 Idem
896 1445 1075 1506 Bruckerus
1094 1445 1132 1505 T.
1149 1445 1173 1506 l.
1196 1467 1228 1525 p.
1244 1448 1303 1506 llll
1329 1444 1383 1506 di-

292 1553 335 1612 cit
366 1549 535 1613 secundum
565 1549 706 1624 Stoicos,
738 1549 922 1628 sapientiam
951 1567 1018 1609 esse
1044 1567 1149 1608 rerum
1172 1549 1381 1610 luunansrum

215 1636 220 1645 ¹
293 1651 535 1732 divinarumque
556 1649 727 1722 scientiam,
756 1649 987 1728 philosophiam
1010 1670 1096 1726 vero,
1118 1650 1184 1713 sive
1206 1652 1383 1732 sapientiae

293 1753 451 1830 studium,
473 1751 730 1814 exercitationem
752 1770 818 1814 esse
843 1751 920 1811 artis
941 1748 979 1811 ad
1000 1751 1184 1831 sapientiam
1204 1773 1382 1816 accommo-

293 1856 393 1917 datae.
447 1855 525 1916 Cum
547 1873 640 1931 voro,
662 1855 795 1936 ⁸inquit,
829 1852 962 1915 mundus
985 1873 1047 1914 non
1071 1853 1121 1914 dei
1144 1867 1264 1917 tantum
1287 1875 1380 1938 opus,

295 1958 348 2022 ssd
371 1959 492 2040 etipse
515 1957 590 2020 deus
613 1958 670 2035 sit,
692 1970 727 2018 ut
751 1969 861 2038 postea
885 1955 1069 2018 indubitatis
1090 1955 1266 2020 Stoicorum
1289 1963 1381 2021 testi-

295 2063 408 2126 utoniis
431 2062 644 2144 probabimus,
667 2059 756 2122 luciis
777 2057 850 2121 inde
871 2059 1067 2138 intelligitur,
1090 2081 1169 2142 quas
1186 2082 1236 2122 res
1253 2061 1380 2124 divinae

293 2169 373 2243 sint,
403 2166 481 2226 circa
510 2185 586 2246 quas
613 2161 765 2242 sapientia
790 2177 820 2224 et
846 2163 1047 2244 philosophis
1070 2175 1230 2241 versatur,
1261 2177 1292 2227 et
1314 2187 1380 2248 qus

293 2269 415 2328 ratione
439 2264 635 2346 physiologia
659 2285 771 2342 magna
798 2277 829 2325 et
857 2264 1050 2326 nobilissima
1071 2284 1144 2342 pars
1170 2267 1210 2327 eit
1237 2268 1380 2347 philoso-

293 2368 386 2448 phiae
414 2365 548 2427 Stoicus.
600 2363 689 2426 Adde
717 2375 750 2425 et
779 2365 851 2425 hinc
874 2365 964 2426 iscile
983 2362 1119 2440 intelligi
1141 2383 1248 2444 posse,
1281 2391 1379 2450 quam

294 2470 372 2530 utile
391 2467 434 2528 sit
458 2465 598 2549 Cornuti}
619 2485 715 2545 opus,
743 2465 799 2546 qui
826 2465 911 2526 solus
938 2467 1016 2526 hano
1046 2483 1187 2544 magnam
1216 2470 1379 2534 nobilissi-

294 2590 438 2651 mamque
460 2567 678 2649 philosophiae
699 2567 822 2629 Stoicae
844 2579 965 2647 partem
987 2577 1109 2628 tractat.
1152 2569 1194 2630 V.
1217 2571 1377 2638 Plutarch.

294 2669 332 2732 de
355 2671 452 2734 Stoic.
473 2691 603 2750 repugn.
626 2693 658 2752 p.
677 2671 779 2746 1037,
809 2671 862 2730 ubi
891 2670 966 2749 legis
993 2667 1206 2752 Chrysippum
1234 2673 1374 2755 disputa·

294 2776 412 2836 tionem
435 2773 473 2836 ds
496 2771 554 2836 deo
577 2773 677 2833 solere
701 2772 843 2832 omnibus
865 2771 1036 2831 moralibus
1058 2775 1259 2852 praemittere
1282 2798 1377 2859 quae·

294 2875 449 2936 stionihus
479 2886 511 2934 et
539 2876 577 2934 nh
606 2872 699 2934 huius
729 2873 905 2951 cognitione
933 2874 1037 2934 omnin
1065 2885 1138 2954 spts
1169 2889 1198 2936 et
1229 2899 1375 2960 suspensa

294 2988 442 3054 statuere,
466 2987 498 3037 et
522 2975 589 3038 sins
611 2976 668 3038 hac
690 2976 810 3038 nullum
833 2975 969 3052 initium,
990 2977 1110 3037 nullum
1133 2975 1252 3040 sditutn
1275 3001 1375 3044 mora·

294 3079 334 3142 lis
356 3077 517 3142 doctrinae
539 3074 671 3162 esest).
714 3077 754 3138 Et
776 3097 855 3155 ctum,
878 3089 913 3139 ut
933 3078 976 3138 ait
994 3077 1103 3138 Cicero
1120 3077 1159 3139 de
1175 3079 1229 3142 fin.
1246 3083 1287 3159 V,
1302 3085 1374 3168 [28]

521 3239 570 3247 —-

293 3329 369 3383 cuins
393 3326 577 3399 disputationis
601 3325 691 3382 indole
716 3339 743 3380 et
766 3339 925 3399 argumento
951 3330 1060 3400 copiose
1086 3329 1208 3385 disseruit
1226 3331 1372 3388 Censorio

294 3414 506 3470 Zimmermanni
525 3413 641 3484 Paedag.
661 3412 751 3484 philol.
770 3413 949 3468 Litteraturhl.
968 3421 1047 3470 1825.
1067 3418 1117 3472 No.
1135 3420 1188 3487 tu]

367 3503 391 3572 ')
409 3503 442 3556 V.
460 3501 571 3573 Georgii
591 3501 651 3556 tttb.
668 3501 850 3574 Hagendornii
869 3503 1099 3575 Disputationem,
1119 3525 1188 3577 quae
1206 3507 1371 3566 inscribitur-t

294 3589 408 3647 Moralia
427 3587 592 3661 Chrysippea
611 3609 627 3642 e
645 3609 736 3644 rerum
755 3602 850 3677 patura
869 3593 955 3663 petita.
974 3591 1100 3650 Altdotl'ti
1119 3597 1199 3650 tout.

356 3678 392 3748 '')
412 3677 480 3746 [llao
499 3677 533 3732 de
551 3679 681 3734 sententia
698 3677 841 3752 Chrysippi
860 3679 1050 3754 disputavimus
1066 3682 1190 3754 Beitrige
1204 3685 1221 3738 l.
1233 3705 1255 3738 c.
1274 3704 1299 3756 p.
1310 3689 1369 3742 tto.

295 3766 422 3824 &urum
445 3766 489 3822 hic
512 3767 630 3822 inserere
654 3789 683 3822 es
707 3789 736 3822 re
757 3770 873 3838 ridetur,
901 3788 969 3841 quae
988 3770 1054 3826 solio
1072 3771 1170 3826 volanti
1189 3791 1204 3826 a
1226 3771 1369 3830 Villoisooo

295 3857 427 3928 adscripta
445 3855 472 3910 in
491 3855 532 3912 his
547 3857 807 3930 prolegomesorum
825 3857 926 3913 schedis
950 3860 1052 3931 repeti:
1080 3859 1157 3928 „Cur
1176 3859 1299 3932 physicae
1317 3879 1369 3918 non

295 3945 351 3998 sine
368 3965 458 4002 caussa
477 3947 610 4002 tribuatur
626 3945 722 4014 honor,
741 3947 878 4020 praeclare
895 3947 933 4002 sic
949 3948 1028 4003 docet
1041 3946 1119 4016 Cato,
1137 3947 1291 4006 Stoicorum
1310 3968 1369 4021 par·

296 4043 334 4086 tes
351 4033 498 4102 sustinens,
523 4035 593 4108 apud
613 4032 773 4090 Ciceronem
798 4035 831 4091 ds
857 4035 904 4090 lin.
921 4035 966 4102 lll,
986 4040 1035 4090 22:
1061 4047 1205 4108 propterea
1231 4037 1304 4108 quad
1327 4041 1369 4110 qai

297 4122 480 4174 conuulsum
503 4133 622 4176 notatos
648 4124 771 4178 victuros
796 4125 849 4190 sit,
877 4124 902 4175 si
927 4124 1149 4193 proficiscendum
1173 4133 1215 4178 ast
1242 4123 1280 4178 ab
1304 4127 1369 4178 omui

298 4208 396 4262 mundo
412 4218 494 4280 atque
512 4208 547 4262 oh
563 4211 621 4266 sisse
637 4210 827 4280 prostantium.
865 4211 921 4262 Nec
939 4229 999 4264 vero
1015 4220 1106 4281 potest
1123 4213 1266 4286 qaisquam
1280 4213 1312 4266 tis
1327 4211 1366 4268 bs·
