2774 4840
437 365 478 376 -
524 331 671 394 587-

12 507 97 555 nenas
117 517 193 571 esee,
222 497 374 568 δσιιυυισι,Ι
398 504 474 580 ,φαίσ
495 512 683 580 reparamur,
713 505 844 562 etiamsi
869 523 923 562 ιιοα
942 523 1095 564 renoscan-

12 611 70 660 ἀν.
112 601 172 660 Sat
195 621 248 661 non
278 615 358 663 erunt
383 602 476 662 iidem.
518 605 564 666 Νι
593 615 624 662 tu
655 603 765 685 quidem
796 605 871 664 idem
896 610 959 666 eris.
1001 607 1096 666 Omnis
1155 613 1168 626 “

12 703 342 777 lies,omn1‘shorate
363 714 469 774 mutan
502 707 553 764 sed
576 709 604 764 in
625 708 687 765 aliis
707 711 811 786 rapine
823 707 940 786 facilius
962 693 1095 788 appetet,-

12 807 55 863 iic
78 806 163 880 lota,
183 811 252 888 quia
275 829 328 866 nun
349 827 386 868 ιτ
407 818 506 887 aperto
517 807 569 889 fit.
613 809 672 868 Ate·
704 807 886 887 auferuntur,⁸
916 821 947 870 ut
968 815 1021 889 ipsi
1045 833 1096 871 no·

12 909 52 966 ’μὶς
65 905 150 986 seno
170 907 363 969 αυδδασίαιαι.
405 905 523 968 Eodem
545 905 611 966 iere
632 904 726 968 modo
750 907 912 988 Epictetus
932 909 1015 990 apud
1037 912 1096 972 Ar·

12 1005 178 1091 rianum1)
211 1005 250 1069 de
282 1003 384 1070 ntorte
416 1007 575 1089 loquiturz
618 1001 807 1090 Διίσφημον
839 1008 874 1074 δὲ
902 1034 964 1092 μοι
993 1012 1098 1094 λέγεις

12 1105 123 1192 ivone
148 1113 290 1190 φυσικοῦ
313 1134 408 1185 τινος
437 1105 638 1193 πράγματος
660 1105 870 1192 σημαντικόν
879 1131 891 1186 3
922 1111 996 1196 λίγα
1017 1107 1098 1178 διίσ-

12 1233 131 1291 φημον
156 1211 243 1276 τίνοι
267 1211 319 1276 καί
340 1204 380 1276 τὸ
401 1212 608 1292 θερισθῆναι
636 1203 715 1282 τούς
741 1208 895 1297 στάχυας·
927 1207 1097 1283 οἶσοίλειαν

12 1304 80 1392 rein
108 1311 267 1392 σημαίνοι
296 1311 362 1376 suiv
391 1304 563 1398 σταχύων,
600 1305 673 1377 ἀλλ’
694 1307 736 1379 ου’
764 1315 830 1380 τοὺ
864 1312 1002 1396 κόσμου.
1045 1315 1096 1376 stc

12 1411 192 1474 Antoninus
209 1411 238 1496 2)
267 1413 349 1474 hune
369 1412 492 1493 profert
525 1434 565 1475 ex
584 1413 762 1498 Hypsipyle
781 1415 942 1498 Euripidis
963 1437 1097 1496 versum,

12 1532 106 1594 {uem
127 1515 264 1577 servavit
285 1526 317 1575 et
340 1513 493 1576 Stobeeus
514 1512 561 1599 ⁵):

139 1617 221 1700 βίον
243 1616 393 1702 θερίζειν
414 1611 497 1682 α’ίοτο
529 1612 706 1702 κάρπιμον
726 1613 851 1706 στάχυν

141 1719 195 1784 καί
218 1714 280 1784 τὸν
302 1721 367 1800 μίν
389 1716 496 1795 εἶναι,
525 1711 585 1786 τδν
616 1719 653 1787 δὲ
673 1715 735 1805 μή.

12 1820 158 1900 Uptonus
178 1819 207 1902 4)
240 1833 325 1882 recte
361 1821 524 1898 observet,
559 1819 598 1883 nd
632 1823 717 1884 hune
745 1821 882 1902 Epicteti
916 1823 1018 1884 locum
1047 1844 1097 1886 re-

12 1925 151 2004 spexisse
173 1923 368 1986 Antoninum
385 1920 423 2006 ⁵).
467 1921 520 1983 Sio
550 1934 654 1984 sutem
680 1923 784 2004 pergit
813 1923 993 2003 Epictetus:
1022 1926 1096 2009 λέγε

12 2021 193 2108 δύσφημον
221 2024 275 2090 καί
307 2021 345 2091 ιδ
377 2027 597 2111 φυλλοφοριιν
629 2025 686 2092 καΙ
716 2019 755 2092 sti
786 2022 906 2114 Ιοχοίδα
937 2025 1095 2108 γίνεσθαι

12 2119 91 2192 ivel
115 2122 237 2202 σύκου,
259 2127 313 2193 καί
337 2122 523 2208 ἀσταφίδας
542 2131 577 2193 ἐκ
601 2129 662 2207 τῆς
690 2129 874 2210 σταφυλῆς.
896 2120 1010 2192 πάντα
1032 2117 1096 2208 reio

12 2229 122 2294 ταῦτα
132 2229 200 2294 τῶν
211 2227 382 2311 προτέρων
392 2227 477 2294 εἰσίν
487 2231 535 2300 τίς
546 2236 640 2311 ἕτερα
651 2223 922 2314 μεταβολαί,οιίκ
936 2221 1097 2303 οίιιοίλεια,

12 2322 103 2394 ittet·
114 2329 304 2414 τεταγμένη
337 2353 388 2400 τις
424 2330 603 2412 οἰκονομία
637 2332 691 2397 καί
729 2329 889 2412 διοίκησις
922 2327 1095 2394 τουτέστιν

12 2423 208 2512 ίττοδημία,
234 2430 290 2498 καί
313 2424 490 2516 μεταβολὴ
512 2423 632 2514 μικροί.
666 2433 769 2499 τοῦτο
788 2429 964 2507 θάνατος,
987 2453 1095 2514 ματα-

12 2525 99 2612 tote}
120 2529 241 2612 μείζων
251 2578 264 2608 ,
284 2522 345 2595 οὐκ
368 2535 404 2598 ἐκ
424 2532 488 2596 τού
510 2531 576 2597 νῦν
598 2529 697 2604 ὄντος
718 2536 766 2606 τίς
786 2529 825 2598 τὸ
858 2529 909 2614 μή
930 2526 991 2606 ὄν,
1023 2523 1096 2596 ἀλλ’

12 2636 57 2704 εἰς
82 2626 120 2696 τδ
142 2632 208 2697 νῦν
240 2623 290 2714 μή
321 2625 373 2695 ὅν.
406 2626 518 2697 οὐκέτι
553 2622 617 2698 οὖν
650 2637 794 2715 ἔσομαι,
824 2624 885 2698 otiu
914 2637 993 2716 ἕση,
1025 2625 1095 2698 dtt'

12 2731 94 2802 ἴλλο
117 2755 172 2809 τι,
199 2721 242 2801 οὗ
265 2731 334 2798 νῦν
364 2729 382 2797 ὁ
405 2729 531 2814 κόσμος
554 2732 669 2820 χροίαν
690 2738 768 2820 ἔχει.
797 2733 852 2798 καί
874 2726 939 2814 μίρ
959 2723 1002 2798 οδ
1025 2733 1097 2817 ἐγέ-

12 2857 92 2912 νου,
113 2826 173 2920 οὐχ
195 2827 250 2898 ὅτι
272 2828 313 2898 osi
337 2828 528 2917 ἠθέλησας,
557 2825 629 2902 ἀλλ’
652 2829 709 2899 ὅτε
730 2827 856 2917 κόσμος
876 2831 990 2922 χρείαν
1011 2838 1096 2920 eltze.

12 2935 74 2998 libi
97 2955 155 3014 per
188 2936 267 2996 hene
296 2936 502 2996 mutationem
533 2937 636 3014 illius,
668 2934 754 3018 quod
778 2957 860 2998 nunc
885 2945 946 3010 est,
976 2953 1040 2994 non
1062 2935 1094 2996 in

13 3057 87 3112 loc,
108 3035 193 3118 quod
215 3039 304 3098 nullo
328 3034 420 3098 modo
443 3038 559 3114 existit,
582 3034 691 3098 sedin
715 3039 790 3114 hoc,
812 3034 897 3117 quod
920 3057 1002 3096 nune
1031 3055 1095 3098 non

12 3150 73 3215 est,
99 3137 216 3204 ἕκτου
237 3139 303 3202 νυν
326 3132 424 3210 ὄντος
446 3129 507 3204 ου’κ
532 3141 579 3209 εἰς
601 3133 639 3202 τὸ
660 3132 709 3221 μή
732 3133 792 3214 ὄν,
813 3130 884 3204 ἀλλ’
905 3142 952 3210 είς
973 3132 1012 3205 τὸ
1029 3141 1095 3206 νύν

12 3233 56 3320 [ιη’
83 3233 124 3305 ὃν
145 3239 225 3300 nihil
256 3237 342 3300 aliud
375 3239 563 3318 intelligitur
593 3261 687 3322 quem
720 3241 775 3302 ilia
802 3239 937 3302 hominis
966 3241 1095 3316 mortui,

12 3339 94 3401 inde
116 3341 204 3402 venit
225 3341 428 3418 revertentis,
449 3341 483 3400 in
511 3354 640 3420 cognate
662 3345 815 3404 elemento
834 3341 994 3419 resolutio,
1015 3363 1094 3422 quae
1195 3329 1204 3341 “

12 3441 59 3518 it,
95 3454 129 3504 ut
151 3463 216 3504 non
237 3439 319 3504 idem
341 3453 414 3522 post
436 3441 556 3502 obitum
579 3443 634 3520 sit,
667 3443 750 3526 quod
775 3445 807 3506 in
839 3443 904 3504 vite
927 3455 1009 3520 eret,
1039 3443 1094 3506 sed

12 3543 95 3606 iliud
119 3544 195 3627 quid
218 3543 346 3620 evadet,
368 3543 475 3625 sicque
497 3557 676 3624 reperetur,
698 3547 839 3628 quamvis
867 3565 931 3606 non
954 3567 1094 3609 renasce-

12 3670 80 3721 tur,
103 3660 268 3730 postquem
290 3647 375 3708 illius
397 3658 502 3728 pertee
522 3647 640 3726 igneae,
661 3649 772 3726 aeriae,
795 3661 957 3712 terrestres
981 3662 1012 3709 et
1036 3651 1093 3710 ltu·
1146 3669 1148 3676 ’

12 3750 112 3810 uidae
136 3750 169 3810 in
198 3751 376 3813 universum
409 3750 531 3830 ignem,
567 3752 599 3812 in
622 3761 741 3830 nerem,
771 3763 887 3812 terrem
917 3763 947 3812 et
979 3771 1092 3832 equam

82 4019 113 4086 1)
131 4017 199 4070 Dies.
218 4017 260 4073 ΙΙΙ,
279 4023 321 4072 24.
348 4039 373 4090 p.
384 4023 445 4074 509.
615 4017 644 4086 2)
665 4016 719 4082 Vll,
738 4020 779 4070 ΙΙ).

83 4101 113 4172 3)
129 4105 181 4158 Tit.
199 4108 259 4158 1⁰8.
279 4107 326 4173 [V.
344 4105 437 4178 Eut-ip.
455 4106 550 4177 fragm.
569 4105 612 4158 ed·
630 4104 755 4158 Matthiae
783 4123 806 4176 p.
821 4107 896 4173 tes]

83 4192 114 4260 4)
132 4191 195 4264 Peg.
212 4196 273 4246 221.
442 4193 472 4262 θ)
492 4195 525 4259 ΙΙ,
544 4195 579 4247 34
597 4204 623 4246 el
641 4194 683 4248 35.
