2818 4860
476 335 712 404 ...449-

15 515 69 554 ea
107 485 147 556 sit
174 491 290 558 deicio
311 506 342 556 et
370 497 447 558 coeii
477 509 587 562 natura
616 498 704 578 ignea
734 511 797 570 est,
828 507 905 562 teste
929 496 1072 562 Cornuto
1092 499 1128 580 1).

15 596 137 658 Unde
168 610 199 659 et
221 599 361 660 Boetbus
382 599 504 662 Stoicus
526 600 559 660 in
587 601 669 662 libro
697 599 735 662 de
758 612 870 662 natura
891 599 973 682 apud
997 599 1130 662 eundem

16 697 248 781 Laertium2)
270 699 322 763 dei
344 713 487 762 naturam
508 700 587 762 nihil
610 699 693 762 aliud
719 721 784 764 esse
806 699 897 779 dicit,
918 721 1011 783 quatu
1033 713 1130 763 astro-

19 819 112 860 rum
137 799 344 866 inerrantium
366 805 548 884 sphaeram,
570 795 693 870 οὐσίαν
715 804 822 879 deod,
847 801 911 886 τήν
929 806 995 873 τῶν
1018 800 1130 870 ciuic-

22 900 112 966 vota
136 916 294 988 σφαῖραν.
336 905 377 966 Et
395 907 455 968 boc
477 903 604 987 quidem
627 923 718 966 sensu
737 902 843 965 Stoico
861 904 1057 966 verissimum
1074 916 1129 983 est,

25 1013 70 1062 et
94 1023 172 1064 cum
192 1006 348 1084 Zenonis,
377 1006 554 1084 Posidonii,
576 1005 762 1086 Chrysippi,
783 1005 919 1086 Epicteti
943 1017 975 1066 ct
995 1005 1129 1068 Senecae

24 1106 202 1166 sententia
218 1108 297 1170 mire
313 1109 466 1188 congruit.
509 1102 712 1183 Nam'stoiot,
731 1117 808 1168 teste
826 1105 934 1168 eodem
952 1107 1078 1169 Laertio
1091 1107 1128 1193 ³),

28 1208 135 1270 illum
160 1206 278 1288 ignem,
300 1229 392 1293 quem
414 1228 594 1292 supremum
616 1211 722 1288 deum,
742 1227 918 1289 supremam
940 1221 1072 1270 mentem
1096 1222 1128 1270 et

26 1311 200 1372 rationem
231 1324 264 1374 et
292 1316 417 1376 astitere
447 1315 664 1394 appellabant,
697 1313 730 1374 iu
758 1329 907 1392 supremo
934 1313 1126 1372 collocabant

29 1413 150 1488 coelo,
180 1412 287 1494 ibique
309 1415 444 1494 primum
467 1413 603 1476 siderum
626 1415 830 1477 inerrantium
852 1415 977 1492 globum
999 1432 1128 1492 genera·

1 1503 2 1506 '
30 1524 108 1572 trun
131 1533 201 1576 esse
220 1515 446 1594 opinabamur,
474 1509 638 1612 dcccdccc·
655 1518 741 1582 sivos
763 1511 801 1584 ‘td
825 1509 913 1599 πῦρ,
941 1512 1046 1598 ὅνδε)
1073 1519 1125 1580 ui-

1 1609 3 1620 ’
29 1614 131 1696 θέρε
150 1619 339 1694 καλεῖσθαι,
360 1622 399 1684 ἐν
420 1611 446 1703 ᾧ
467 1612 604 1701 πρώτην
624 1613 690 1700 τήν
709 1617 777 1685 τῶν
799 1609 961 1684 ἀπλανῶν
982 1629 1126 1700 σφαῖραν

1 1717 3 1812 j
30 1716 247 1796 γεννᾶσθαι.
299 1717 409 1799 ltaque
431 1735 500 1782 cunr
520 1717 598 1781 deus
619 1717 701 1782 baud
724 1717 803 1780 aliua
824 1719 962 1780 essetab
990 1719 1125 1794 aethere,

1 1823 2 1828 ’
33 1815 71 1874 in
104 1835 172 1896 quo
202 1815 329 1880 divinoe
357 1821 469 1882 mentis
499 1822 694 1900 principatus
724 1820 960 1896 dominabatur,
992 1839 1124 1900 cumque

34 1935 82 1976 ex
104 1919 232 1978 aethere
258 1920 384 1998 pariter·
405 1931 561 1982 constaret
587 1932 743 1982 astrorum
769 1921 976 1982 inerrantium
1005 1919 1125 1998 globus,

34 2019 117 2078 hinc
144 2015 196 2078 dei
221 2011 253 2082 et
279 2031 435 2082 notrorum
462 2022 670 2086 inerrantium
698 2021 783 2102 globi
811 2033 920 2102 utpote
950 2041 991 2082 ex
1015 2019 1123 2084 eodem

35 2121 170 2179 aettrere
202 2121 409 2182 constantium
442 2135 555 2184 natura
586 2122 693 2184 eadem
727 2143 793 2186 essa
825 2122 997 2186 necessario
1031 2121 1124 2186 debe·

1 2214 3 2251 ¹
35 2224 107 2282 but.
162 2221 273 2302 Neque
304 2221 354 2283 bia
381 2221 587 2287 adversentur
612 2226 718 2302 Zeno,
751 2223 945 2306 Cirrysippus
976 2235 1008 2286 et
1037 2225 1124 2286 Posi·

38 2323 155 2384 deuius
184 2343 224 2382 ex
251 2323 400 2384 universo
428 2323 564 2401 mundo,
596 2343 658 2386 non
687 2337 791 2387 autem
820 2347 860 2388 ex
889 2328 957 2390 solo
985 2328 1122 2404 aethere,
1197 2397 1202 2405 Ι

39 2423 95 2484 dei
120 2437 263 2486 naturam
290 2438 431 2489 constare
453 2425 653 2490 affirmantes.
695 2427 777 2490 Nam
807 2449 874 2491 cum
898 2441 1024 2509 praeter
1045 2428 1122 2490 alios

40 2528 222 2588 innumeros
244 2525 353 2590 doceat
373 2529 562 2608 Augustinus
577 2528 616 2613 4),
635 2528 846 2592 doctissimum
864 2533 1051 2607 Varronem,
1073 2532 1121 2592 cui

1 2633 2 2668 t
40 2628 212 2708 plurimum
234 2629 348 2690 merito
369 2629 498 2706 tribuit,
527 2629 560 2688 in
587 2650 643 2690 sua
670 2631 761 2691 fateri
782 2631 952 2709 Theologia
976 2632 1121 2702 naturali,

42 2731 174 2790 animam
204 2729 313 2792 mundi
335 2728 489 2813 (aethera)
504 2749 550 2792 ·ac
576 2745 679 2810 partes
702 2733 767 2792 eius
788 2730 843 2816 (ex
865 2734 979 2813 quibua
1002 2743 1121 2794 constat

1 2867 2 2874 κ
42 2830 205 2892 uniuersus
226 2828 375 2914 mundus)
395 2850 489 2894 ueros
512 2829 587 2892 deos
609 2851 691 2907 esse,
726 2851 856 2914 cumque
885 2833 964 2894 nubit
993 2833 1026 2894 in
1051 2832 1121 2894 uni·

44 2933 189 2995 versitate
210 2948 316 2994 rsrrrm
335 2951 398 2994 non
421 2933 462 2994 sit
483 2932 566 3013 apud
583 2931 705 2996 Stoicos
725 2953 800 3013 pure
821 2933 872 2994 dei
895 2933 1044 3008 deificata,
1066 2953 1119 2993 eeu

46 3035 144 3096 divini
164 3036 316 3114 particula
338 3035 443 3113 unicui,
470 3047 505 3098 ut
526 3038 586 3112 sol,
607 3031 690 3112 iuna,
716 3038 824 3097 stellae
847 3027 916 3111 eto,
943 3055 997 3098 seu
1019 3033 1118 3096 divini

47 3158 118 3218 pars
139 3137 297 3215 corporis,
319 3148 354 3196 ut
376 3149 476 3214 terra,
498 3158 585 3198 mare
608 3149 677 3214 etc,
701 3137 773 3198 binc
793 3149 877 3199 recte
898 3139 997 3213 Zeno,
1020 3133 1119 3218 Chry·

1 3253 3 3291 t
48 3241 151 3318 cippus
172 3249 203 3297 et
225 3235 411 3298 Posidonius
431 3238 464 3300 in
493 3239 576 3300 bisce
604 3237 748 3300 omnibus
775 3235 827 3298 dai
855 3251 996 3300 naturum
1027 3258 1119 3318 repo·

1 3361 3 3396 t
49 3352 132 3402 nunt.
172 3335 265 3401 Unde
284 3349 315 3398 st
335 3337 451 3399 Seneca
464 3338 507 3422 ⁵):
529 3342 598 3402 dous
619 3354 659 3402 ott
679 3353 775 3418 totum,
796 3344 874 3424 quod
889 3343 1005 3417 ut'dctttr,
1027 3337 1115 3423 et⁶):

50 3445 113 3526 quid
139 3454 178 3504 cst
205 3443 300 3502 dtus?
330 3445 406 3524 quod
413 3446 416 3457 “
435 3444 510 3504 us'dos
538 3455 642 3520 totum,
673 3456 700 3506 et
727 3446 804 3526 quod
833 3467 886 3504 nou
915 3447 988 3506 cidus
1020 3453 1117 3504 totum.
1169 3455 1173 3466 '

49 3543 183 3608 Eiusdem
215 3555 247 3605 et
274 3543 375 3621 gentis
405 3555 436 3604 et
468 3555 567 3605 sectae
594 3544 737 3606 Lucanus
751 3543 781 3628 ⁷)
804 3535 942 3606 Stoicum
965 3543 1115 3604 Catonem

51 3648 90 3709 sic
109 3647 204 3710 Stoice
227 3647 407 3728 loquentem
427 3645 566 3707 inducit:

90 3753 165 3812 Estne
185 3751 233 3809 dci
250 3751 347 3823 sedes,
368 3754 422 3810 uisi
440 3761 538 3826 terro,
560 3761 586 3808 et
603 3761 720 3828 poturo,
744 3761 770 3809 et
791 3755 858 3822 o'c'r,

0 3895 1 3898 Ἴ
115 3906 143 3969 t)
160 3902 227 3975 Cap.
244 3906 269 3956 i.
289 3919 348 3973 pag.
365 3904 425 3956 14⁰.
612 3905 644 3971 2)
661 3905 725 3974 Pag.
746 3903 806 3958 1⁹9.

115 3991 143 4056 3)
159 3990 223 4060 Peg.
244 3992 304 4042 tot.
324 3987 394 4056 [V11,
414 3989 487 4056 tat]
608 3992 639 4056 t)
660 3991 700 4042 De
719 3990 767 4044 cit.
785 3987 837 4042 Dei
855 3981 913 4054 Vil,
930 3991 955 4040 dt

116 4080 143 4140 5)
161 4075 269 4143 Quaest.
287 4085 342 4130 nat.
359 4073 392 4140 ii,
411 4079 455 4128 to.
610 4080 641 4144 d)
661 4077 747 4130 Praei.
767 4085 865 4147 quaest.
887 4083 940 4127 nat.

116 4166 144 4231 i)
161 4163 250 4218 Phara.
268 4165 315 4232 lX,
333 4165 387 4218 ttss
405 4180 444 4232 sq.
1006 4156 1009 4164 ’

791 4270 832 4328 29
