2932 4878
695 273 933 338 -sts-

278 445 401 522 legator
422 437 637 517 Tertulliano,
668 457 751 520 „que
779 436 868 498 l'etre
893 436 1039 516 supreme
1065 436 1114 496 n’a
1138 434 1173 498 ni
1199 455 1329 518 corps,
1358 439 1389 498 ai

277 544 403 625 figure”,
425 555 457 604 et
472 540 499 626 ¹)
523 561 605 623 „quc
626 538 699 602 dieu
722 551 769 602 est
786 559 849 620 pur
870 538 970 618 esprit
991 536 1030 600 de
1051 559 1087 602 sa
1105 540 1261 619 nature”,
1296 553 1334 602 et
1356 543 1387 602 ia

278 650 363 728 Baga
383 644 565 728 venemo:
599 661 653 720 „ce
681 639 772 718 dieu,
801 640 858 723 qui
879 651 926 702 est
947 638 1092 702 invisible
1115 653 1147 702 ct
1169 665 1251 706 sans
1278 664 1385 726 nor-pa,

278 761 349 812 tout
376 748 518 828 puiesant
547 758 579 808 et
605 743 781 807 immenae”.
830 741 880 804 nd
910 744 991 804 bunc
1022 761 1162 806 errorem
1195 749 1286 829 περὶ
1321 747 1385 812 soo'

277 849 474 935 &scomoiaco
497 849 585 916 θεοῦ
614 845 859 910 confirmandum
888 845 1046 924 peculiare
1073 863 1153 926 opus
1177 847 1382 928 conscripsit

278 953 424 1015 Melito'
414 973 448 1012 m
469 948 605 1013 secundo
633 962 706 1030 post
735 947 893 1012 Christum
925 957 1032 1008 netum
1058 949 1200 1025 saeculo,
1234 947 1283 1010 de
1314 967 1379 1030 quo

280 1053 357 1118 vide
372 1053 540 1114 Eusebium
553 1050 592 1135 5).
638 1051 681 1115 Et
703 1052 762 1114 boc
784 1049 911 1134 quidem
935 1050 1047 1132 quinto
1068 1050 1192 1114 saeculo
1216 1053 1378 1114 tenebant
1434 1043 1435 1084 ³

279 1155 422 1236 plerique
445 1153 672 1234 Aegyptiorum
692 1153 916 1216 monachorum
928 1195 938 1231 ,
970 1154 1027 1236 qni
1052 1154 1272 1235 ibeopbilum
1302 1155 1377 1216 Als-
1434 1127 1435 1200 i

278 1255 428 1319 xnndrise
450 1255 630 1336 episcopum
659 1257 736 1316 ab
726 1256 802 1336 rpeis
831 1253 1031 1316 dissidentem
1061 1256 1374 1334 convenientes,cr
1434 1267 1435 1270 ’

278 1371 411 1421 mortem
428 1356 536 1418 minati
552 1369 635 1434 sunt,
654 1357 716 1418 nisi
707 1355 823 1418 'deum
838 1375 1026 1436 corporeum
1042 1355 1261 1446 profiteretur,
1284 1355 1373 1440 qnod

278 1473 364 1525 metu
387 1461 496 1522 mortis
517 1459 594 1538 ipsis
616 1457 766 1519 concessit
787 1458 979 1520 Patriarche.

365 1562 542 1624 Stoicorum
564 1573 668 1622 autern
690 1559 728 1622 de
752 1579 903 1642 corporea
927 1561 1030 1624 anima
1051 1561 1235 1683 opinionem
1258 1562 1373 1624 confo-

279 1663 394 1726 tavisee
417 1661 593 1740 Longinum
622 1673 653 1724 et
682 1663 872 1725 Plotinum'
862 1684 895 1724 sn
917 1662 1053 1743 scripto,
1081 1660 1135 1730 ὅτι
1156 1687 1198 1728 cv
1187 1659 1372 1729 ’δύναται

280 1759 561 1847 consecracioni
584 1760 694 1849 ψυχή,
724 1762 810 1825 cuius
834 1765 987 1846 reliquias
1008 1765 1043 1826 in
1068 1763 1203 1825 Eusebio
1217 1762 1248 1845 4)
1274 1765 1372 1824 hebe-

279 1884 365 1944 mus,
393 1877 466 1946 poet
489 1865 631 1944 Lipsium
649 1862 677 1946 ⁵)
706 1865 885 1928 observavit
910 1862 1133 1948 Menegins⁶);
1162 1864 1370 1946 quemadmo-

280 1967 356 2030 dum
386 1980 417 2028 st
447 1968 485 2027 ab
514 1965 624 2029 eodem
644 1967 779 2029 Eusebio
792 1965 821 2051 ⁷)
843 1965 1012 2030 laudantur
1032 1969 1188 2050 Excerpta
1209 1990 1252 2030 ex
1274 1971 1368 2046 libro,

279 2072 336 2156 qui
355 2070 599 2147 inscribebatur,
632 2065 684 2137 ὅτι
705 2063 767 2135 οὐκ
791 2063 836 2136 siv
857 2071 908 2154 εἴη
930 2073 1028 2153 σῶμα
1050 2064 1088 2137 τό
1112 2065 1153 2137 ὂν
1174 2068 1262 2138 unsri
1288 2069 1369 2146 sotir

282 2170 450 2246 Στωϊκούς
457 2219 468 2250 ,
497 2173 583 2234 cuius
604 2173 677 2234 libri
699 2172 841 2234 meminit
863 2173 957 2234 etiam
977 2172 1141 2236 Nemeeius
1158 2170 1197 2258 8).
1242 2175 1367 2236 Animis

280 2292 411 2354 corpore
435 2274 546 2335 solutis
567 2272 736 2336 rotundam
757 2273 889 2336 sormam
911 2274 1025 2338 tribuit
1047 2274 1261 2357 Chrysippus,
1285 2289 1365 2340 teste

279 2375 444 2436 Eustatbio
460 2373 499 2456 9).

363 2476 415 2537 Ex
434 2477 517 2538 hisce
540 2475 630 2540 dictis
651 2477 742 2538 facile
764 2477 931 2557 colligitur,
955 2477 1078 2540 Stoicos
1099 2497 1159 2559 per
1178 2478 1239 2538 hoc
1260 2479 1365 2558 ipsum

279 2571 395 2654 οὐσίας
416 2581 612 2660 vocabulum,
638 2579 723 2664 quod
747 2579 806 2643 deo
828 2579 1113 2657 accommodabant,
1133 2599 1198 2642 non
1220 2579 1255 2641 id
1278 2579 1364 2662 quod

278 2681 483 2744 substantiam
505 2685 571 2764 vel,
595 2696 630 2746 ut
657 2683 841 2748 scholastici
862 2684 951 2766 loqui
972 2696 1094 2761 amant,
1125 2685 1285 2746 reclamem
1306 2692 1366 2746 eci-

277 2791 393 2846 oratioe
417 2798 444 2848 ct
469 2793 602 2850 essentiae
627 2787 738 2864 babet,
767 2785 822 2848 sed
843 2807 957 2868 corpus
978 2787 1108 2868 proprie
1130 2784 1249 2846 dictum
1272 2785 1366 2848 intel·

278 2885 402 2949 lenisse.
445 2887 559 2950 Sextus
580 2887 757 2967 Empiricos
776 2885 820 2970 l⁰)
842 2887 887 2948 sic
909 2889 1005 2951 babet
1026 2887 1065 2950 de
1086 2887 1217 2951 Stoicis:
1239 2883 1282 2954 ὃν
1303 2913 1365 2953 aa·

278 2980 422 3064 iosiv'sar
441 2985 482 3056 oo*
502 2990 610 3074 σῶμα,
632 2999 741 3052 contra
762 3008 857 3072 quam
880 2989 1060 3069 opinionem
1077 2989 1270 3051 Numenium
1289 2990 1366 3050 scri·

278 3088 377 3168 psisse
407 3089 553 3153 vidimus.
602 3091 642 3152 Et
672 3091 716 3152 sic
745 3091 896 3172 explicari
925 3101 1046 3171 potest,
1076 3091 1235 3174 quomodo
1262 3111 1367 3154 essen·

278 3320 347 3370 idem
369 3319 550 3390 (Aristoteles)
578 3323 639 3377 vait
665 3342 722 3380 esre
746 3329 837 3395 mom,
863 3330 934 3384 amai
951 3330 1029 3384 illam
1045 3347 1125 3383 senso
1142 3328 1252 3398 privat,
1281 3329 1365 3380 etiam

274 3405 431 3475 prodeatis.
466 3410 525 3478 Quo
538 3427 620 3479 porro
633 3415 709 3468 modo
723 3417 853 3470 mundam
867 3435 968 3472 movere
986 3435 1080 3472 careas
1095 3433 1212 3486 carpere,
1230 3426 1282 3468 nae
1296 3436 1364 3487 qae-
1436 3451 1437 3468 2

278 3493 353 3546 modo
377 3512 477 3564 semper
503 3515 530 3552 so
556 3517 663 3554 atomus
686 3521 742 3556 esse
765 3505 873 3576 quietas
897 3515 925 3558 st
951 3503 1046 3558 marus
1068 3505 1180 3577 potest?
1222 3507 1364 3578 inquiete

278 3581 349 3636 caim
369 3581 447 3636 sitam
467 3583 570 3639 beatam
589 3589 757 3659 reponebant
774 3589 909 3662 Epicurei.

349 3671 380 3736 1>
399 3669 500 3725 ibidem
520 3693 546 3746 p.
563 3678 606 3730 28.

274 3753 280 3770 “
348 3758 381 3826 2)
398 3759 459 3831 Peg.
479 3764 541 3816 185.
559 3763 685 3817 versionis
703 3763 821 3820 Gallicae
838 3783 972 3822 manuscr.

349 3848 381 3914 3)
400 3845 463 3906 Hinc
481 3850 574 3906 eccles.
593 3849 638 3915 Vi,
657 3853 683 3905 ἵ.
862 3857 895 3922 t)
914 3855 1010 3925 Pmop.
1030 3871 1123 3924 evang.
1138 3853 1200 3920 XV,
1218 3855 1253 3908 at
1272 3865 1300 3908 ct
1317 3859 1361 3908 22.

347 3939 378 4006 5)
397 3937 476 4010 Pbys.
494 3937 579 3992 Stoic.
597 3937 642 3991 tlt.
660 3937 720 3994 diss.
739 3942 764 3994 b.
864 3944 895 4010 s)
914 3940 956 3994 At
974 3941 1061 4000 baert.
1079 3943 1185 4014 11191.

348 4029 381 4090 ’1)
400 4025 495 4096 Praep.
513 4043 606 4095 evang.
626 4025 685 4091 XV,
705 4030 748 4080 tv.
863 4034 895 4097 8)
913 4030 956 4084 De
974 4042 1028 4086 nat.
1044 4030 1117 4084 bom.
1135 4034 1161 4084 2.
1180 4049 1206 4102 p.
1221 4033 1264 4084 2⁹.

351 4115 382 4179 9)
404 4113 445 4166 At
469 4113 543 4172 tliad.
561 4130 590 4174 vs,
609 4115 651 4168 ot.
844 4119 894 4183 111)
914 4115 980 4174 ads.
998 4116 1123 4189 physicos
1140 4118 1174 4174 X·
1191 4137 1217 4189 p.
1235 4119 1296 4172 tta
