<?xml version="1.0" encoding="UTF-8"?>
<!DOCTYPE html PUBLIC "-//W3C//DTD XHTML 1.0 Transitional//EN"
    "http://www.w3.org/TR/xhtml1/DTD/xhtml1-transitional.dtd">
<html xmlns="http://www.w3.org/1999/xhtml" xml:lang="en" lang="en">
 <head>
  <title>
</title>
<meta http-equiv="Content-Type" content="text/html;charset=utf-8" />
  <meta name='ocr-system' content='tesseract 3.04.00' />
  <meta name='ocr-capabilities' content='ocr_page ocr_carea ocr_par ocr_line ocrx_word'/>
</head>
<body>
  <div class='ocr_page' id='page_1' title='image "./denaturadeorum00corngoog_0027.png"; bbox 0 0 2972 4836; ppageno 0'>
   <div class='ocr_carea' id='block_1_1' title="bbox 689 329 970 372">
    <p class='ocr_par' dir='ltr' id='par_1_1' title="bbox 689 329 970 372">
     <span class='ocr_line' id='line_1_1' title="bbox 689 329 970 372; baseline -0.014 1"><span class='ocrx_word' id='word_1_1' title='bbox 689 343 729 354; x_wconf 86' lang='lat'>···</span> <span class='ocrx_word' id='word_1_2' title='bbox 794 329 864 372; x_wconf 79' lang='lat' dir='ltr'>uu</span> <span class='ocrx_word' id='word_1_3' title='bbox 926 342 970 354; x_wconf 90' lang='grc'>-··</span> 
     </span>
    </p>
   </div>
   <div class='ocr_carea' id='block_1_2' title="bbox 290 471 1383 1172">
    <p class='ocr_par' dir='ltr' id='par_1_2' title="bbox 290 471 1383 1172">
     <span class='ocr_line' id='line_1_2' title="bbox 290 471 1379 558; baseline -0.006 -20"><span class='ocrx_word' id='word_1_4' title='bbox 290 473 533 542; x_wconf 79' lang='lat' dir='ltr'>recusaverimus</span> <span class='ocrx_word' id='word_1_5' title='bbox 561 476 638 558; x_wconf 87' lang='lat' dir='ltr'>ipsi,</span> <span class='ocrx_word' id='word_1_6' title='bbox 670 495 742 538; x_wconf 88' lang='lat' dir='ltr'>eum</span> <span class='ocrx_word' id='word_1_7' title='bbox 773 486 877 538; x_wconf 86' lang='lat' dir='ltr'>tameo</span> <span class='ocrx_word' id='word_1_8' title='bbox 905 473 973 536; x_wconf 90' lang='lat' dir='ltr'>heic</span> <span class='ocrx_word' id='word_1_9' title='bbox 995 473 1056 534; x_wconf 90' lang='lat' dir='ltr'>loci</span> <span class='ocrx_word' id='word_1_10' title='bbox 1079 472 1145 534; x_wconf 89' lang='lat' dir='ltr'>sine</span> <span class='ocrx_word' id='word_1_11' title='bbox 1170 489 1298 534; x_wconf 85' lang='lat' dir='ltr'>censura</span> <span class='ocrx_word' id='word_1_12' title='bbox 1323 471 1379 534; x_wconf 86' lang='lat' dir='ltr'>di·</span> 
     </span>
     <span class='ocr_line' id='line_1_3' title="bbox 290 571 1380 660; baseline -0.004 -20"><span class='ocrx_word' id='word_1_13' title='bbox 290 575 477 640; x_wconf 88' lang='lat' dir='ltr'>mittendum</span> <span class='ocrx_word' id='word_1_14' title='bbox 499 591 655 657; x_wconf 88' lang='lat' dir='ltr'>putamus,</span> <span class='ocrx_word' id='word_1_15' title='bbox 678 596 715 636; x_wconf 86' lang='lat' dir='ltr'>eo</span> <span class='ocrx_word' id='word_1_16' title='bbox 737 574 823 657; x_wconf 92' lang='lat' dir='ltr'>quod</span> <span class='ocrx_word' id='word_1_17' title='bbox 844 572 884 642; x_wconf 82' lang='lat' dir='ltr'>cd</span> <span class='ocrx_word' id='word_1_18' title='bbox 905 571 1118 660; x_wconf 78' lang='grc' dir='ltr'>ἀναιρεῖσθαι</span> <span class='ocrx_word' id='word_1_19' title='bbox 1138 593 1203 637; x_wconf 88' lang='lat' dir='ltr'>non</span> <span class='ocrx_word' id='word_1_20' title='bbox 1224 575 1263 636; x_wconf 85' lang='lat' dir='ltr'>sd</span> <span class='ocrx_word' id='word_1_21' title='bbox 1284 593 1380 637; x_wconf 83' lang='lat' dir='ltr'>mor·</span> 
     </span>
     <span class='ocr_line' id='line_1_4' title="bbox 291 676 1379 760; baseline -0.006 -18"><span class='ocrx_word' id='word_1_22' title='bbox 291 693 353 742; x_wconf 87' lang='lat' dir='ltr'>tem</span> <span class='ocrx_word' id='word_1_23' title='bbox 378 692 517 755; x_wconf 85' lang='lat' dir='ltr'>tantum,</span> <span class='ocrx_word' id='word_1_24' title='bbox 551 678 605 742; x_wconf 88' lang='lat' dir='ltr'>sed</span> <span class='ocrx_word' id='word_1_25' title='bbox 636 676 673 738; x_wconf 88' lang='lat' dir='ltr'>ad</span> <span class='ocrx_word' id='word_1_26' title='bbox 698 678 826 738; x_wconf 84' lang='lat' dir='ltr'>exilium</span> <span class='ocrx_word' id='word_1_27' title='bbox 850 697 975 760; x_wconf 90' lang='lat' dir='ltr'>quoque</span> <span class='ocrx_word' id='word_1_28' title='bbox 998 676 1109 738; x_wconf 79' lang='lat' dir='ltr'>referri</span> <span class='ocrx_word' id='word_1_29' title='bbox 1130 692 1241 756; x_wconf 86' lang='lat' dir='ltr'>posse,</span> <span class='ocrx_word' id='word_1_30' title='bbox 1273 695 1379 756; x_wconf 83' lang='lat' dir='ltr'>supra</span> 
     </span>
     <span class='ocr_line' id='line_1_5' title="bbox 292 777 1380 861; baseline -0.008 -15"><span class='ocrx_word' id='word_1_31' title='bbox 292 782 584 846; x_wconf 83' lang='lat' dir='ltr'>demonstravimus.</span> <span class='ocrx_word' id='word_1_32' title='bbox 628 779 775 841; x_wconf 85' lang='lat' dir='ltr'>Ceterum</span> <span class='ocrx_word' id='word_1_33' title='bbox 800 801 868 842; x_wconf 89' lang='lat' dir='ltr'>cum</span> <span class='ocrx_word' id='word_1_34' title='bbox 896 783 1003 861; x_wconf 82' lang='lat' dir='ltr'>plures</span> <span class='ocrx_word' id='word_1_35' title='bbox 1024 779 1157 842; x_wconf 86' lang='lat' dir='ltr'>Cornuti</span> <span class='ocrx_word' id='word_1_36' title='bbox 1178 777 1263 858; x_wconf 87' lang='lat' dir='ltr'>apud</span> <span class='ocrx_word' id='word_1_37' title='bbox 1284 789 1380 840; x_wconf 86' lang='lat' dir='ltr'>vete-</span> 
     </span>
     <span class='ocr_line' id='line_1_6' title="bbox 291 879 1378 964; baseline -0.004 -18"><span class='ocrx_word' id='word_1_38' title='bbox 291 907 341 948; x_wconf 87' lang='lat' dir='ltr'>res</span> <span class='ocrx_word' id='word_1_39' title='bbox 364 897 537 960; x_wconf 81' lang='lat' dir='ltr'>occmranr,</span> <span class='ocrx_word' id='word_1_40' title='bbox 559 882 681 945; x_wconf 84' lang='lat' dir='ltr'>Stoicus</span> <span class='ocrx_word' id='word_1_41' title='bbox 703 905 721 944; x_wconf 85' lang='lat' dir='ltr'>n</span> <span class='ocrx_word' id='word_1_42' title='bbox 743 883 874 964; x_wconf 87' lang='lat' dir='ltr'>reliquis</span> <span class='ocrx_word' id='word_1_43' title='bbox 896 895 1036 946; x_wconf 84' lang='lat' dir='ltr'>accurate</span> <span class='ocrx_word' id='word_1_44' title='bbox 1058 879 1293 962; x_wconf 82' lang='lat' dir='ltr'>distinguendus</span> <span class='ocrx_word' id='word_1_45' title='bbox 1312 891 1378 942; x_wconf 88' lang='lat' dir='ltr'>est.</span> 
     </span>
     <span class='ocr_line' id='line_1_7' title="bbox 292 983 1383 1064; baseline -0.004 -14"><span class='ocrx_word' id='word_1_46' title='bbox 292 986 383 1064; x_wconf 88' lang='lat' dir='ltr'>Quod</span> <span class='ocrx_word' id='word_1_47' title='bbox 406 987 520 1050; x_wconf 86' lang='lat' dir='ltr'>leviori</span> <span class='ocrx_word' id='word_1_48' title='bbox 541 987 623 1048; x_wconf 84' lang='lat' dir='ltr'>forte</span> <span class='ocrx_word' id='word_1_49' title='bbox 644 986 751 1046; x_wconf 87' lang='lat' dir='ltr'>labore</span> <span class='ocrx_word' id='word_1_50' title='bbox 776 983 882 1063; x_wconf 88' lang='lat' dir='ltr'>fieret,</span> <span class='ocrx_word' id='word_1_51' title='bbox 912 987 939 1048; x_wconf 88' lang='lat' dir='ltr'>si</span> <span class='ocrx_word' id='word_1_52' title='bbox 966 984 1059 1048; x_wconf 87' lang='lat' dir='ltr'>hodie</span> <span class='ocrx_word' id='word_1_53' title='bbox 1080 986 1235 1063; x_wconf 76' lang='lat' dir='ltr'>legeretur</span> <span class='ocrx_word' id='word_1_54' title='bbox 1256 985 1383 1046; x_wconf 77' lang='lat' dir='ltr'>Cornuti</span> 
     </span>
     <span class='ocr_line' id='line_1_8' title="bbox 291 1083 1378 1172; baseline -0.01 -16"><span class='ocrx_word' id='word_1_55' title='bbox 291 1095 422 1168; x_wconf 73' lang='grc' dir='ltr'>Ινίειοήο,</span> <span class='ocrx_word' id='word_1_56' title='bbox 453 1110 546 1172; x_wconf 88' lang='lat' dir='ltr'>quam</span> <span class='ocrx_word' id='word_1_57' title='bbox 571 1089 730 1168; x_wconf 72' lang='lat' dir='ltr'>scripsisse</span> <span class='ocrx_word' id='word_1_58' title='bbox 750 1087 920 1150; x_wconf 84' lang='lat' dir='ltr'>Lacherem</span> <span class='ocrx_word' id='word_1_59' title='bbox 944 1087 1114 1168; x_wconf 76' lang='lat' dir='ltr'>sophistam</span> <span class='ocrx_word' id='word_1_60' title='bbox 1142 1084 1236 1149; x_wconf 86' lang='lat' dir='ltr'>tradit</span> <span class='ocrx_word' id='word_1_61' title='bbox 1259 1083 1378 1148; x_wconf 84' lang='lat' dir='ltr'>Suides</span> 
     </span>
    </p>
   </div>
   <div class='ocr_carea' id='block_1_3' title="bbox 293 1190 627 1276">
    <p class='ocr_par' dir='ltr' id='par_1_3' title="bbox 293 1190 627 1276">
     <span class='ocr_line' id='line_1_9' title="bbox 293 1190 627 1276; baseline -0.003 -22"><span class='ocrx_word' id='word_1_62' title='bbox 293 1191 347 1276; x_wconf 83' lang='lat' dir='ltr'>(r.</span> <span class='ocrx_word' id='word_1_63' title='bbox 367 1195 404 1256; x_wconf 95' lang='grc' dir='ltr'>ιι.</span> <span class='ocrx_word' id='word_1_64' title='bbox 425 1216 458 1274; x_wconf 81' lang='lat'>,‚.</span> <span class='ocrx_word' id='word_1_65' title='bbox 477 1191 556 1276; x_wconf 72' lang='grc' dir='ltr'><strong>ιιι)</strong></span> <span class='ocrx_word' id='word_1_66' title='bbox 570 1190 627 1276; x_wconf 68' lang='lat' dir='ltr'>*u</span> 
     </span>
    </p>
   </div>
   <div class='ocr_carea' id='block_1_4' title="bbox 224 1437 1376 4228">
    <p class='ocr_par' dir='ltr' id='par_1_4' title="bbox 224 1437 1376 3440">
     <span class='ocr_line' id='line_1_10' title="bbox 291 1437 1376 1520; baseline -0.002 -24"><span class='ocrx_word' id='word_1_67' title='bbox 291 1441 338 1498; x_wconf 79' lang='lat' dir='ltr'>mir</span> <span class='ocrx_word' id='word_1_68' title='bbox 356 1447 394 1513; x_wconf 73' lang='grc' dir='ltr'>τῷ</span> <span class='ocrx_word' id='word_1_69' title='bbox 411 1449 573 1514; x_wconf 70' lang='grc' dir='ltr'><strong><em>Μουσωνίῳ,</em></strong></span> <span class='ocrx_word' id='word_1_70' title='bbox 597 1467 681 1520; x_wconf 88' lang='lat' dir='ltr'>quum</span> <span class='ocrx_word' id='word_1_71' title='bbox 701 1446 822 1519; x_wconf 79' lang='lat' dir='ltr'>plerique</span> <span class='ocrx_word' id='word_1_72' title='bbox 842 1443 914 1500; x_wconf 90' lang='lat' dir='ltr'>nulla</span> <span class='ocrx_word' id='word_1_73' title='bbox 937 1443 986 1496; x_wconf 85' lang='lat' dir='ltr'>alia</span> <span class='ocrx_word' id='word_1_74' title='bbox 1007 1459 1086 1514; x_wconf 87' lang='lat' dir='ltr'>quam</span> <span class='ocrx_word' id='word_1_75' title='bbox 1106 1439 1175 1495; x_wconf 88' lang='lat' dir='ltr'>exilii</span> <span class='ocrx_word' id='word_1_76' title='bbox 1195 1459 1280 1514; x_wconf 87' lang='lat' dir='ltr'>poena</span> <span class='ocrx_word' id='word_1_77' title='bbox 1300 1437 1376 1495; x_wconf 92' lang='lat' dir='ltr'>Cor-</span> 
     </span>
     <span class='ocr_line' id='line_1_11' title="bbox 290 1527 1374 1604; baseline -0.005 -17"><span class='ocrx_word' id='word_1_78' title='bbox 290 1543 385 1587; x_wconf 92' lang='lat' dir='ltr'>uutum</span> <span class='ocrx_word' id='word_1_79' title='bbox 405 1533 510 1604; x_wconf 81' lang='lat' dir='ltr'>plerum</span> <span class='ocrx_word' id='word_1_80' title='bbox 530 1532 609 1587; x_wconf 67' lang='lat' dir='ltr'>tutes</span> <span class='ocrx_word' id='word_1_81' title='bbox 627 1535 742 1599; x_wconf 84' lang='lat' dir='ltr'>tradant,</span> <span class='ocrx_word' id='word_1_82' title='bbox 760 1551 816 1586; x_wconf 88' lang='lat' dir='ltr'>nou</span> <span class='ocrx_word' id='word_1_83' title='bbox 835 1533 867 1584; x_wconf 91' lang='lat' dir='ltr'>de</span> <span class='ocrx_word' id='word_1_84' title='bbox 887 1549 973 1596; x_wconf 87' lang='lat' dir='ltr'>caeso,</span> <span class='ocrx_word' id='word_1_85' title='bbox 992 1529 1036 1582; x_wconf 90' lang='lat' dir='ltr'>sed</span> <span class='ocrx_word' id='word_1_86' title='bbox 1057 1529 1162 1583; x_wconf 83' lang='lat' dir='ltr'>sublato</span> <span class='ocrx_word' id='word_1_87' title='bbox 1180 1541 1284 1584; x_wconf 88' lang='lat' dir='ltr'>tantum</span> <span class='ocrx_word' id='word_1_88' title='bbox 1302 1527 1328 1583; x_wconf 93' lang='lat' dir='ltr'>h.</span> <span class='ocrx_word' id='word_1_89' title='bbox 1348 1549 1374 1582; x_wconf 89' lang='lat' dir='ltr'>e.</span> 
     </span>
     <span class='ocr_line' id='line_1_12' title="bbox 289 1617 1374 1692; baseline -0.002 -18"><span class='ocrx_word' id='word_1_90' title='bbox 289 1621 406 1692; x_wconf 77' lang='lat' dir='ltr'>relegato</span> <span class='ocrx_word' id='word_1_91' title='bbox 423 1620 626 1691; x_wconf 74' lang='lat' dir='ltr'>intelligendum</span> <span class='ocrx_word' id='word_1_92' title='bbox 643 1639 707 1685; x_wconf 89' lang='lat' dir='ltr'>esse,</span> <span class='ocrx_word' id='word_1_93' title='bbox 724 1631 754 1673; x_wconf 92' lang='lat' dir='ltr'>ot</span> <span class='ocrx_word' id='word_1_94' title='bbox 771 1620 841 1673; x_wconf 87' lang='lat' dir='ltr'>idem</span> <span class='ocrx_word' id='word_1_95' title='bbox 861 1620 893 1673; x_wconf 88' lang='lat' dir='ltr'>sit</span> <span class='ocrx_word' id='word_1_96' title='bbox 906 1617 978 1690; x_wconf 86' lang='lat' dir='ltr'>quod</span> <span class='ocrx_word' id='word_1_97' title='bbox 994 1622 1194 1688; x_wconf 69' lang='grc' dir='ltr'>καθαιρεῖσθαι,</span> <span class='ocrx_word' id='word_1_98' title='bbox 1214 1628 1374 1676; x_wconf 85' lang='lat' dir='ltr'>statuerunt.</span> 
     </span>
     <span class='ocr_line' id='line_1_13' title="bbox 290 1704 1373 1778; baseline -0.004 -18"><span class='ocrx_word' id='word_1_99' title='bbox 290 1706 320 1760; x_wconf 89' lang='lat' dir='ltr'>ln</span> <span class='ocrx_word' id='word_1_100' title='bbox 346 1725 398 1778; x_wconf 89' lang='lat' dir='ltr'>qua</span> <span class='ocrx_word' id='word_1_101' title='bbox 424 1707 597 1778; x_wconf 65' lang='lat' dir='ltr'>explicatione</span> <span class='ocrx_word' id='word_1_102' title='bbox 618 1728 673 1764; x_wconf 91' lang='lat' dir='ltr'>non</span> <span class='ocrx_word' id='word_1_103' title='bbox 692 1709 778 1764; x_wconf 89' lang='lat' dir='ltr'>solum</span> <span class='ocrx_word' id='word_1_104' title='bbox 798 1705 963 1762; x_wconf 84' lang='lat' dir='ltr'>Bruclerum</span> <span class='ocrx_word' id='word_1_105' title='bbox 981 1705 1139 1772; x_wconf 86' lang='lat' dir='ltr'>Martinius,</span> <span class='ocrx_word' id='word_1_106' title='bbox 1164 1705 1211 1760; x_wconf 85' lang='lat' dir='ltr'>sed</span> <span class='ocrx_word' id='word_1_107' title='bbox 1230 1704 1373 1760; x_wconf 86' lang='lat' dir='ltr'>Olearium</span> 
     </span>
     <span class='ocr_line' id='line_1_14' title="bbox 224 1793 1373 1868; baseline -0.002 -22"><span class='ocrx_word' id='word_1_108' title='bbox 224 1799 227 1806; x_wconf 82' lang='grc'>’</span> <span class='ocrx_word' id='word_1_109' title='bbox 290 1812 398 1865; x_wconf 86' lang='lat' dir='ltr'>quoque</span> <span class='ocrx_word' id='word_1_110' title='bbox 418 1804 444 1848; x_wconf 89' lang='lat' dir='ltr'>et</span> <span class='ocrx_word' id='word_1_111' title='bbox 462 1794 632 1864; x_wconf 84' lang='lat' dir='ltr'>Reimarum,</span> <span class='ocrx_word' id='word_1_112' title='bbox 659 1815 726 1868; x_wconf 87' lang='lat' dir='ltr'>quos</span> <span class='ocrx_word' id='word_1_113' title='bbox 745 1795 850 1862; x_wconf 90' lang='lat' dir='ltr'>laudat,</span> <span class='ocrx_word' id='word_1_114' title='bbox 876 1794 943 1848; x_wconf 90' lang='lat' dir='ltr'>adde</span> <span class='ocrx_word' id='word_1_115' title='bbox 968 1795 1139 1848; x_wconf 88' lang='lat' dir='ltr'>nuncetiam</span> <span class='ocrx_word' id='word_1_116' title='bbox 1159 1793 1280 1848; x_wconf 81' lang='lat' dir='ltr'>lahnium</span> <span class='ocrx_word' id='word_1_117' title='bbox 1300 1809 1373 1864; x_wconf 85' lang='lat' dir='ltr'>p.x,</span> 
     </span>
     <span class='ocr_line' id='line_1_15' title="bbox 290 1879 1373 1958; baseline 0.001 -25"><span class='ocrx_word' id='word_1_118' title='bbox 290 1881 375 1935; x_wconf 89' lang='lat' dir='ltr'>socios</span> <span class='ocrx_word' id='word_1_119' title='bbox 393 1881 478 1936; x_wconf 88' lang='lat' dir='ltr'>habet.</span> <span class='ocrx_word' id='word_1_120' title='bbox 514 1883 560 1936; x_wconf 90' lang='lat' dir='ltr'>llis</span> <span class='ocrx_word' id='word_1_121' title='bbox 579 1904 629 1956; x_wconf 77' lang='lat' dir='ltr'>ego</span> <span class='ocrx_word' id='word_1_122' title='bbox 648 1879 757 1958; x_wconf 85' lang='lat' dir='ltr'>quoque</span> <span class='ocrx_word' id='word_1_123' title='bbox 776 1883 912 1948; x_wconf 89' lang='lat' dir='ltr'>accedam,</span> <span class='ocrx_word' id='word_1_124' title='bbox 932 1880 1043 1936; x_wconf 89' lang='lat' dir='ltr'>simulac</span> <span class='ocrx_word' id='word_1_125' title='bbox 1061 1880 1127 1934; x_wconf 87' lang='lat' dir='ltr'>haec</span> <span class='ocrx_word' id='word_1_126' title='bbox 1144 1881 1216 1934; x_wconf 81' lang='lat' dir='ltr'>verbi</span> <span class='ocrx_word' id='word_1_127' title='bbox 1235 1880 1373 1952; x_wconf 80' lang='lat' dir='ltr'>significa-</span> 
     </span>
     <span class='ocr_line' id='line_1_16' title="bbox 290 1967 1373 2043; baseline -0.002 -23"><span class='ocrx_word' id='word_1_128' title='bbox 290 1969 327 2021; x_wconf 90' lang='lat' dir='ltr'>tio</span> <span class='ocrx_word' id='word_1_129' title='bbox 346 1969 449 2022; x_wconf 80' lang='lat' dir='ltr'>idoneis</span> <span class='ocrx_word' id='word_1_130' title='bbox 468 1971 593 2043; x_wconf 89' lang='lat' dir='ltr'>exemplis</span> <span class='ocrx_word' id='word_1_131' title='bbox 612 1974 785 2028; x_wconf 85' lang='lat' dir='ltr'>corroborata</span> <span class='ocrx_word' id='word_1_132' title='bbox 809 1971 902 2037; x_wconf 86' lang='lat' dir='ltr'>luerit,</span> <span class='ocrx_word' id='word_1_133' title='bbox 929 1968 1001 2041; x_wconf 90' lang='lat' dir='ltr'>quod</span> <span class='ocrx_word' id='word_1_134' title='bbox 1026 1987 1118 2022; x_wconf 76' lang='lat' dir='ltr'>vereor</span> <span class='ocrx_word' id='word_1_135' title='bbox 1142 1977 1171 2021; x_wconf 91' lang='lat' dir='ltr'>ut</span> <span class='ocrx_word' id='word_1_136' title='bbox 1196 1967 1254 2020; x_wconf 82' lang='lat' dir='ltr'>fieri</span> <span class='ocrx_word' id='word_1_137' title='bbox 1281 1967 1373 2039; x_wconf 87' lang='lat' dir='ltr'>possit,</span> 
     </span>
     <span class='ocr_line' id='line_1_17' title="bbox 290 2052 1371 2132; baseline -0.002 -24"><span class='ocrx_word' id='word_1_138' title='bbox 290 2055 354 2108; x_wconf 88' lang='lat' dir='ltr'>dum</span> <span class='ocrx_word' id='word_1_139' title='bbox 373 2068 466 2112; x_wconf 87' lang='lat' dir='ltr'>contra</span> <span class='ocrx_word' id='word_1_140' title='bbox 486 2057 551 2112; x_wconf 85' lang='lat' dir='ltr'>nihil</span> <span class='ocrx_word' id='word_1_141' title='bbox 576 2061 659 2132; x_wconf 82' lang='lat' dir='ltr'>magis</span> <span class='ocrx_word' id='word_1_142' title='bbox 678 2079 707 2112; x_wconf 88' lang='lat' dir='ltr'>ex</span> <span class='ocrx_word' id='word_1_143' title='bbox 726 2079 774 2113; x_wconf 89' lang='lat' dir='ltr'>usu</span> <span class='ocrx_word' id='word_1_144' title='bbox 794 2059 956 2128; x_wconf 88' lang='lat' dir='ltr'>scriptorum</span> <span class='ocrx_word' id='word_1_145' title='bbox 978 2066 1016 2110; x_wconf 89' lang='lat' dir='ltr'>est</span> <span class='ocrx_word' id='word_1_146' title='bbox 1035 2074 1115 2127; x_wconf 87' lang='lat' dir='ltr'>quam</span> <span class='ocrx_word' id='word_1_147' title='bbox 1134 2053 1216 2108; x_wconf 87' lang='lat' dir='ltr'>altera</span> <span class='ocrx_word' id='word_1_148' title='bbox 1233 2052 1277 2106; x_wconf 89' lang='lat' dir='ltr'>illa</span> <span class='ocrx_word' id='word_1_149' title='bbox 1297 2053 1371 2107; x_wconf 80' lang='lat' dir='ltr'>serbi</span> 
     </span>
     <span class='ocr_line' id='line_1_18' title="bbox 289 2141 1373 2218; baseline -0.003 -21"><span class='ocrx_word' id='word_1_150' title='bbox 289 2144 455 2216; x_wconf 67' lang='lat' dir='ltr'>significatio.</span> <span class='ocrx_word' id='word_1_151' title='bbox 490 2147 643 2218; x_wconf 87' lang='lat' dir='ltr'>Utrumque</span> <span class='ocrx_word' id='word_1_152' title='bbox 658 2148 768 2199; x_wconf 72' lang='lat' dir='ltr'>verbum</span> <span class='ocrx_word' id='word_1_153' title='bbox 784 2145 820 2198; x_wconf 91' lang='lat' dir='ltr'>ita</span> <span class='ocrx_word' id='word_1_154' title='bbox 838 2144 909 2199; x_wconf 89' lang='lat' dir='ltr'>inter</span> <span class='ocrx_word' id='word_1_155' title='bbox 926 2161 953 2196; x_wconf 88' lang='lat' dir='ltr'>se</span> <span class='ocrx_word' id='word_1_156' title='bbox 971 2143 1070 2207; x_wconf 81' lang='lat' dir='ltr'>diflert,</span> <span class='ocrx_word' id='word_1_157' title='bbox 1088 2141 1197 2195; x_wconf 92' lang='lat' dir='ltr'>utillud</span> <span class='ocrx_word' id='word_1_158' title='bbox 1216 2141 1373 2212; x_wconf 83' lang='lat' dir='ltr'>simpliciter</span> 
     </span>
     <span class='ocr_line' id='line_1_19' title="bbox 290 2229 1373 2304; baseline -0.001 -20"><span class='ocrx_word' id='word_1_159' title='bbox 290 2231 337 2298; x_wconf 91' lang='lat' dir='ltr'>sit,</span> <span class='ocrx_word' id='word_1_160' title='bbox 357 2231 389 2284; x_wconf 86' lang='lat' dir='ltr'>de</span> <span class='ocrx_word' id='word_1_161' title='bbox 408 2232 493 2303; x_wconf 75' lang='lat' dir='ltr'>gradu</span> <span class='ocrx_word' id='word_1_162' title='bbox 512 2230 551 2284; x_wconf 84' lang='lat' dir='ltr'>vel</span> <span class='ocrx_word' id='word_1_163' title='bbox 570 2232 630 2286; x_wconf 86' lang='lat' dir='ltr'>loco</span> <span class='ocrx_word' id='word_1_164' title='bbox 646 2232 762 2304; x_wconf 77' lang='lat' dir='ltr'>aliquem</span> <span class='ocrx_word' id='word_1_165' title='bbox 781 2233 910 2298; x_wconf 85' lang='lat' dir='ltr'>deiicere,</span> <span class='ocrx_word' id='word_1_166' title='bbox 930 2231 981 2285; x_wconf 89' lang='lat' dir='ltr'>hoc</span> <span class='ocrx_word' id='word_1_167' title='bbox 998 2231 1068 2284; x_wconf 85' lang='lat' dir='ltr'>idem</span> <span class='ocrx_word' id='word_1_168' title='bbox 1086 2229 1185 2282; x_wconf 90' lang='lat' dir='ltr'>sedita</span> <span class='ocrx_word' id='word_1_169' title='bbox 1204 2240 1234 2282; x_wconf 90' lang='lat' dir='ltr'>ut</span> <span class='ocrx_word' id='word_1_170' title='bbox 1252 2229 1373 2284; x_wconf 88' lang='lat' dir='ltr'>deiectus</span> 
     </span>
     <span class='ocr_line' id='line_1_20' title="bbox 290 2309 1370 2390; baseline -0.003 -18"><span class='ocrx_word' id='word_1_171' title='bbox 290 2329 388 2390; x_wconf 89' lang='lat' dir='ltr'>pereat.</span> <span class='ocrx_word' id='word_1_172' title='bbox 424 2317 579 2374; x_wconf 87' lang='lat' dir='ltr'>Theodulus</span> <span class='ocrx_word' id='word_1_173' title='bbox 597 2318 625 2372; x_wconf 90' lang='lat' dir='ltr'>in</span> <span class='ocrx_word' id='word_1_174' title='bbox 643 2319 764 2374; x_wconf 88' lang='lat' dir='ltr'>Boisson.</span> <span class='ocrx_word' id='word_1_175' title='bbox 784 2319 886 2374; x_wconf 78' lang='lat' dir='ltr'>Anecd.</span> <span class='ocrx_word' id='word_1_176' title='bbox 903 2318 935 2372; x_wconf 88' lang='grc' dir='ltr'>Τ.</span> <span class='ocrx_word' id='word_1_177' title='bbox 955 2318 986 2372; x_wconf 89' lang='lat' dir='ltr'>ll.</span> <span class='ocrx_word' id='word_1_178' title='bbox 1003 2337 1029 2389; x_wconf 90' lang='lat' dir='ltr'>p.</span> <span class='ocrx_word' id='word_1_179' title='bbox 1047 2321 1114 2372; x_wconf 73' lang='lat'>2542</span> <span class='ocrx_word' id='word_1_180' title='bbox 1136 2312 1198 2376; x_wconf 78' lang='lat' dir='ltr'>sarie</span> <span class='ocrx_word' id='word_1_181' title='bbox 1217 2320 1261 2378; x_wconf 73' lang='grc' dir='ltr'>μὶν</span> <span class='ocrx_word' id='word_1_182' title='bbox 1279 2309 1370 2388; x_wconf 79' lang='grc' dir='ltr'><strong><em>ᾕρουν,</em></strong></span> 
     </span>
     <span class='ocr_line' id='line_1_21' title="bbox 290 2401 1370 2478; baseline 0.004 -22"><span class='ocrx_word' id='word_1_183' title='bbox 290 2403 351 2464; x_wconf 72' lang='grc' dir='ltr'>τούς</span> <span class='ocrx_word' id='word_1_184' title='bbox 374 2401 400 2458; x_wconf 85' lang='lat' dir='ltr'>d‘</span> <span class='ocrx_word' id='word_1_185' title='bbox 413 2401 535 2478; x_wconf 61' lang='lat' dir='ltr'>deppam.</span> <span class='ocrx_word' id='word_1_186' title='bbox 578 2403 621 2459; x_wconf 85' lang='lat' dir='ltr'>Ci.</span> <span class='ocrx_word' id='word_1_187' title='bbox 641 2425 709 2478; x_wconf 83' lang='lat' dir='ltr'>quae</span> <span class='ocrx_word' id='word_1_188' title='bbox 727 2426 757 2460; x_wconf 88' lang='lat' dir='ltr'>ex</span> <span class='ocrx_word' id='word_1_189' title='bbox 776 2405 898 2460; x_wconf 89' lang='lat' dir='ltr'>Gramm.</span> <span class='ocrx_word' id='word_1_190' title='bbox 917 2404 976 2460; x_wconf 86' lang='lat' dir='ltr'>MS.</span> <span class='ocrx_word' id='word_1_191' title='bbox 995 2405 1029 2460; x_wconf 88' lang='lat' dir='ltr'>ad</span> <span class='ocrx_word' id='word_1_192' title='bbox 1046 2403 1157 2458; x_wconf 77' lang='lat' dir='ltr'>Philam.</span> <span class='ocrx_word' id='word_1_193' title='bbox 1176 2405 1237 2458; x_wconf 86' lang='lat' dir='ltr'>Lex.</span> <span class='ocrx_word' id='word_1_194' title='bbox 1255 2403 1370 2460; x_wconf 88' lang='lat' dir='ltr'>technol.</span> 
     </span>
     <span class='ocr_line' id='line_1_22' title="bbox 290 2492 1368 2566; baseline 0.002 -20"><span class='ocrx_word' id='word_1_195' title='bbox 290 2511 317 2564; x_wconf 87' lang='lat' dir='ltr'>p.</span> <span class='ocrx_word' id='word_1_196' title='bbox 332 2496 384 2548; x_wconf 79' lang='lat' dir='ltr'>ate</span> <span class='ocrx_word' id='word_1_197' title='bbox 402 2493 517 2560; x_wconf 81' lang='lat' dir='ltr'>excitavi,</span> <span class='ocrx_word' id='word_1_198' title='bbox 537 2493 634 2565; x_wconf 85' lang='lat' dir='ltr'>quihus</span> <span class='ocrx_word' id='word_1_199' title='bbox 652 2494 720 2548; x_wconf 85' lang='lat' dir='ltr'>adde</span> <span class='ocrx_word' id='word_1_200' title='bbox 738 2493 860 2550; x_wconf 81' lang='lat' dir='ltr'>Gramm.</span> <span class='ocrx_word' id='word_1_201' title='bbox 879 2494 907 2548; x_wconf 87' lang='lat' dir='ltr'>in</span> <span class='ocrx_word' id='word_1_202' title='bbox 924 2493 990 2548; x_wconf 78' lang='lat' dir='ltr'>Maii</span> <span class='ocrx_word' id='word_1_203' title='bbox 1009 2492 1088 2548; x_wconf 78' lang='lat' dir='ltr'>Auct.</span> <span class='ocrx_word' id='word_1_204' title='bbox 1104 2493 1138 2548; x_wconf 90' lang='lat' dir='ltr'>cl.</span> <span class='ocrx_word' id='word_1_205' title='bbox 1156 2494 1189 2548; x_wconf 88' lang='lat' dir='ltr'>T.</span> <span class='ocrx_word' id='word_1_206' title='bbox 1203 2495 1247 2548; x_wconf 92' lang='lat' dir='ltr'>lV.</span> <span class='ocrx_word' id='word_1_207' title='bbox 1266 2515 1292 2566; x_wconf 90' lang='lat' dir='ltr'>p.</span> <span class='ocrx_word' id='word_1_208' title='bbox 1306 2498 1368 2548; x_wconf 77' lang='lat'><em>⁵2¹1.</em></span> 
     </span>
     <span class='ocr_line' id='line_1_23' title="bbox 290 2579 1368 2655; baseline 0.002 -23"><span class='ocrx_word' id='word_1_209' title='bbox 290 2579 421 2650; x_wconf 77' lang='lat' dir='ltr'>igiturex</span> <span class='ocrx_word' id='word_1_210' title='bbox 439 2579 538 2634; x_wconf 80' lang='lat' dir='ltr'>Suidae</span> <span class='ocrx_word' id='word_1_211' title='bbox 556 2580 594 2634; x_wconf 81' lang='lat' dir='ltr'>rel</span> <span class='ocrx_word' id='word_1_212' title='bbox 616 2582 672 2635; x_wconf 85' lang='lat' dir='ltr'>eius</span> <span class='ocrx_word' id='word_1_213' title='bbox 690 2601 770 2654; x_wconf 89' lang='lat' dir='ltr'>quem</span> <span class='ocrx_word' id='word_1_214' title='bbox 794 2583 839 2637; x_wconf 89' lang='lat' dir='ltr'>ille</span> <span class='ocrx_word' id='word_1_215' title='bbox 858 2583 993 2655; x_wconf 75' lang='lat' dir='ltr'>exscripsit</span> <span class='ocrx_word' id='word_1_216' title='bbox 1009 2583 1141 2641; x_wconf 88' lang='lat' dir='ltr'>sententia</span> <span class='ocrx_word' id='word_1_217' title='bbox 1160 2581 1192 2634; x_wconf 90' lang='lat' dir='ltr'>de</span> <span class='ocrx_word' id='word_1_218' title='bbox 1211 2583 1261 2635; x_wconf 80' lang='lat' dir='ltr'>rita</span> <span class='ocrx_word' id='word_1_219' title='bbox 1278 2579 1368 2636; x_wconf 89' lang='lat' dir='ltr'>subla-</span> 
     </span>
     <span class='ocr_line' id='line_1_24' title="bbox 290 2651 1368 2743; baseline 0.003 -23"><span class='ocrx_word' id='word_1_220' title='bbox 290 2677 331 2720; x_wconf 90' lang='lat' dir='ltr'>tus</span> <span class='ocrx_word' id='word_1_221' title='bbox 349 2665 399 2720; x_wconf 83' lang='lat' dir='ltr'>fuit</span> <span class='ocrx_word' id='word_1_222' title='bbox 418 2667 561 2734; x_wconf 85' lang='lat' dir='ltr'>Cornutus,</span> <span class='ocrx_word' id='word_1_223' title='bbox 581 2670 655 2741; x_wconf 90' lang='lat' dir='ltr'>quod</span> <span class='ocrx_word' id='word_1_224' title='bbox 675 2690 732 2724; x_wconf 89' lang='lat' dir='ltr'>oon</span> <span class='ocrx_word' id='word_1_225' title='bbox 752 2651 801 2739; x_wconf 61' lang='lat' dir='ltr'>eo,</span> <span class='ocrx_word' id='word_1_226' title='bbox 813 2671 886 2743; x_wconf 89' lang='lat' dir='ltr'>quod</span> <span class='ocrx_word' id='word_1_227' title='bbox 904 2671 932 2724; x_wconf 93' lang='lat' dir='ltr'>id</span> <span class='ocrx_word' id='word_1_228' title='bbox 952 2672 1053 2728; x_wconf 81' lang='lat' dir='ltr'>lactum</span> <span class='ocrx_word' id='word_1_229' title='bbox 1071 2690 1132 2726; x_wconf 90' lang='lat' dir='ltr'>eum</span> <span class='ocrx_word' id='word_1_230' title='bbox 1153 2669 1269 2724; x_wconf 82' lang='lat' dir='ltr'>Musunii</span> <span class='ocrx_word' id='word_1_231' title='bbox 1289 2669 1368 2724; x_wconf 89' lang='lat' dir='ltr'>caede</span> 
     </span>
     <span class='ocr_line' id='line_1_25' title="bbox 290 2751 1369 2829; baseline 0.006 -26"><span class='ocrx_word' id='word_1_232' title='bbox 290 2751 356 2805; x_wconf 82' lang='lat' dir='ltr'>salso</span> <span class='ocrx_word' id='word_1_233' title='bbox 376 2755 561 2823; x_wconf 83' lang='lat' dir='ltr'>componitur,</span> <span class='ocrx_word' id='word_1_234' title='bbox 586 2756 771 2828; x_wconf 79' lang='lat' dir='ltr'>redarguitur,</span> <span class='ocrx_word' id='word_1_235' title='bbox 798 2777 882 2828; x_wconf 85' lang='lat' dir='ltr'>quum</span> <span class='ocrx_word' id='word_1_236' title='bbox 906 2756 959 2811; x_wconf 87' lang='lat' dir='ltr'>hoc</span> <span class='ocrx_word' id='word_1_237' title='bbox 976 2758 1053 2812; x_wconf 78' lang='lat' dir='ltr'>facilc</span> <span class='ocrx_word' id='word_1_238' title='bbox 1075 2757 1160 2810; x_wconf 89' lang='lat' dir='ltr'>errori</span> <span class='ocrx_word' id='word_1_239' title='bbox 1180 2755 1261 2810; x_wconf 91' lang='lat' dir='ltr'>tribui</span> <span class='ocrx_word' id='word_1_240' title='bbox 1281 2758 1369 2829; x_wconf 83' lang='lat' dir='ltr'>possit.</span> 
     </span>
     <span class='ocr_line' id='line_1_26' title="bbox 290 2835 1368 2918; baseline 0.006 -27"><span class='ocrx_word' id='word_1_241' title='bbox 290 2835 368 2905; x_wconf 88' lang='lat' dir='ltr'>Quae</span> <span class='ocrx_word' id='word_1_242' title='bbox 386 2841 438 2893; x_wconf 85' lang='lat' dir='ltr'>iam</span> <span class='ocrx_word' id='word_1_243' title='bbox 457 2841 639 2912; x_wconf 86' lang='lat' dir='ltr'>discrepanter</span> <span class='ocrx_word' id='word_1_244' title='bbox 656 2844 760 2896; x_wconf 82' lang='lat' dir='ltr'>narrari</span> <span class='ocrx_word' id='word_1_245' title='bbox 780 2843 901 2897; x_wconf 81' lang='lat' dir='ltr'>ridentur</span> <span class='ocrx_word' id='word_1_246' title='bbox 919 2842 1032 2898; x_wconf 79' lang='lat' dir='ltr'>Cornrui</span> <span class='ocrx_word' id='word_1_247' title='bbox 1052 2854 1078 2896; x_wconf 92' lang='lat' dir='ltr'>et</span> <span class='ocrx_word' id='word_1_248' title='bbox 1096 2843 1129 2896; x_wconf 94' lang='lat' dir='ltr'>de</span> <span class='ocrx_word' id='word_1_249' title='bbox 1148 2843 1224 2898; x_wconf 87' lang='lat' dir='ltr'>exilio</span> <span class='ocrx_word' id='word_1_250' title='bbox 1243 2856 1268 2897; x_wconf 87' lang='lat' dir='ltr'>et</span> <span class='ocrx_word' id='word_1_251' title='bbox 1285 2845 1368 2918; x_wconf 80' lang='lat' dir='ltr'>inter-</span> 
     </span>
     <span class='ocr_line' id='line_1_27' title="bbox 291 2925 1368 2998; baseline 0.01 -23"><span class='ocrx_word' id='word_1_252' title='bbox 291 2925 407 2979; x_wconf 89' lang='lat' dir='ltr'>emtione</span> <span class='ocrx_word' id='word_1_253' title='bbox 427 2928 526 2998; x_wconf 90' lang='lat' dir='ltr'>optime</span> <span class='ocrx_word' id='word_1_254' title='bbox 542 2928 578 2984; x_wconf 88' lang='lat' dir='ltr'>ita</span> <span class='ocrx_word' id='word_1_255' title='bbox 596 2930 819 2996; x_wconf 83' lang='lat' dir='ltr'>consiliabuntur,</span> <span class='ocrx_word' id='word_1_256' title='bbox 841 2940 870 2982; x_wconf 91' lang='lat' dir='ltr'>ut</span> <span class='ocrx_word' id='word_1_257' title='bbox 884 2929 1036 2984; x_wconf 89' lang='lat' dir='ltr'>Cornutum</span> <span class='ocrx_word' id='word_1_258' title='bbox 1053 2930 1126 2984; x_wconf 89' lang='lat' dir='ltr'>iussu</span> <span class='ocrx_word' id='word_1_259' title='bbox 1139 2931 1253 2986; x_wconf 88' lang='lat' dir='ltr'>Neronis</span> <span class='ocrx_word' id='word_1_260' title='bbox 1271 2930 1299 2986; x_wconf 88' lang='lat' dir='ltr'>in</span> <span class='ocrx_word' id='word_1_261' title='bbox 1315 2933 1368 2986; x_wconf 90' lang='lat' dir='ltr'>exi-</span> 
     </span>
     <span class='ocr_line' id='line_1_28' title="bbox 290 3010 1370 3089; baseline 0.009 -27"><span class='ocrx_word' id='word_1_262' title='bbox 290 3010 354 3066; x_wconf 90' lang='lat' dir='ltr'>lium</span> <span class='ocrx_word' id='word_1_263' title='bbox 380 3013 454 3068; x_wconf 74' lang='lat' dir='ltr'>ivisse</span> <span class='ocrx_word' id='word_1_264' title='bbox 477 3034 594 3087; x_wconf 85' lang='lat' dir='ltr'>eumque</span> <span class='ocrx_word' id='word_1_265' title='bbox 617 3017 654 3070; x_wconf 86' lang='lat' dir='ltr'>ibi</span> <span class='ocrx_word' id='word_1_266' title='bbox 673 3017 829 3072; x_wconf 75' lang='lat' dir='ltr'>detensium</span> <span class='ocrx_word' id='word_1_267' title='bbox 850 3034 904 3070; x_wconf 88' lang='lat' dir='ltr'>esse</span> <span class='ocrx_word' id='word_1_268' title='bbox 923 3025 1083 3082; x_wconf 81' lang='lat' dir='ltr'>statuamus,</span> <span class='ocrx_word' id='word_1_269' title='bbox 1112 3016 1148 3072; x_wconf 88' lang='lat' dir='ltr'>ita</span> <span class='ocrx_word' id='word_1_270' title='bbox 1168 3029 1197 3072; x_wconf 91' lang='lat' dir='ltr'>ut</span> <span class='ocrx_word' id='word_1_271' title='bbox 1214 3037 1298 3089; x_wconf 84' lang='lat' dir='ltr'>quum</span> <span class='ocrx_word' id='word_1_272' title='bbox 1317 3019 1370 3072; x_wconf 78' lang='lat' dir='ltr'>esi·</span> 
     </span>
     <span class='ocr_line' id='line_1_29' title="bbox 290 3098 1368 3178; baseline 0.009 -28"><span class='ocrx_word' id='word_1_273' title='bbox 290 3098 355 3152; x_wconf 92' lang='lat' dir='ltr'>lium</span> <span class='ocrx_word' id='word_1_274' title='bbox 375 3101 467 3156; x_wconf 87' lang='lat' dir='ltr'>mortis</span> <span class='ocrx_word' id='word_1_275' title='bbox 487 3123 577 3160; x_wconf 88' lang='lat' dir='ltr'>caussa</span> <span class='ocrx_word' id='word_1_276' title='bbox 597 3105 725 3178; x_wconf 83' lang='lat' dir='ltr'>appellari</span> <span class='ocrx_word' id='word_1_277' title='bbox 746 3104 834 3178; x_wconf 80' lang='lat' dir='ltr'>possit,</span> <span class='ocrx_word' id='word_1_278' title='bbox 854 3101 990 3156; x_wconf 86' lang='lat' dir='ltr'>Cornutus</span> <span class='ocrx_word' id='word_1_279' title='bbox 1009 3103 1210 3176; x_wconf 90' lang='lat' dir='ltr'>quodammodo</span> <span class='ocrx_word' id='word_1_280' title='bbox 1229 3125 1244 3158; x_wconf 90' lang='lat' dir='ltr'>a</span> <span class='ocrx_word' id='word_1_281' title='bbox 1263 3105 1368 3160; x_wconf 84' lang='lat' dir='ltr'>Nerone</span> 
     </span>
     <span class='ocr_line' id='line_1_30' title="bbox 290 3187 1368 3264; baseline 0.009 -27"><span class='ocrx_word' id='word_1_282' title='bbox 290 3187 464 3260; x_wconf 86' lang='lat' dir='ltr'>interemptus</span> <span class='ocrx_word' id='word_1_283' title='bbox 483 3209 537 3244; x_wconf 88' lang='lat' dir='ltr'>esse</span> <span class='ocrx_word' id='word_1_284' title='bbox 555 3205 629 3247; x_wconf 87' lang='lat' dir='ltr'>recte</span> <span class='ocrx_word' id='word_1_285' title='bbox 645 3195 757 3248; x_wconf 86' lang='lat' dir='ltr'>dicatur.</span> <span class='ocrx_word' id='word_1_286' title='bbox 795 3193 861 3246; x_wconf 88' lang='lat' dir='ltr'>Nam</span> <span class='ocrx_word' id='word_1_287' title='bbox 881 3190 952 3262; x_wconf 92' lang='lat' dir='ltr'>apud</span> <span class='ocrx_word' id='word_1_288' title='bbox 965 3189 1078 3246; x_wconf 85' lang='lat' dir='ltr'>Suidam</span> <span class='ocrx_word' id='word_1_289' title='bbox 1093 3189 1143 3264; x_wconf 74' lang='grc' dir='ltr'>πρὸ</span> <span class='ocrx_word' id='word_1_290' title='bbox 1161 3189 1243 3246; x_wconf 70' lang='grc' dir='ltr'><strong><em>αὐτοῦ</em></strong></span> <span class='ocrx_word' id='word_1_291' title='bbox 1261 3192 1288 3246; x_wconf 87' lang='lat' dir='ltr'>in</span> <span class='ocrx_word' id='word_1_292' title='bbox 1305 3191 1368 3262; x_wconf 72' lang='grc' dir='ltr'>πρὸς</span> 
     </span>
     <span class='ocr_line' id='line_1_31' title="bbox 290 3271 1366 3353; baseline 0.009 -29"><span class='ocrx_word' id='word_1_293' title='bbox 290 3271 372 3326; x_wconf 75' lang='grc' dir='ltr'><strong><em>αὐτοῦ</em></strong></span> <span class='ocrx_word' id='word_1_294' title='bbox 391 3278 537 3350; x_wconf 65' lang='grc' dir='ltr'><strong><em>(Νέρωνος)</em></strong></span> <span class='ocrx_word' id='word_1_295' title='bbox 563 3281 738 3347; x_wconf 88' lang='lat' dir='ltr'>mutandum,</span> <span class='ocrx_word' id='word_1_296' title='bbox 766 3281 838 3352; x_wconf 92' lang='lat' dir='ltr'>quod</span> <span class='ocrx_word' id='word_1_297' title='bbox 861 3278 914 3334; x_wconf 83' lang='lat' dir='ltr'>iam</span> <span class='ocrx_word' id='word_1_298' title='bbox 934 3279 1074 3333; x_wconf 79' lang='lat' dir='ltr'>Reimarus</span> <span class='ocrx_word' id='word_1_299' title='bbox 1096 3293 1226 3347; x_wconf 84' lang='lat' dir='ltr'>suaserat,</span> <span class='ocrx_word' id='word_1_300' title='bbox 1254 3281 1366 3353; x_wconf 74' lang='lat' dir='ltr'>iungen-</span> 
     </span>
     <span class='ocr_line' id='line_1_32' title="bbox 290 3361 1298 3440; baseline 0.008 -26"><span class='ocrx_word' id='word_1_301' title='bbox 290 3361 408 3436; x_wconf 87' lang='lat' dir='ltr'>dumque</span> <span class='ocrx_word' id='word_1_302' title='bbox 427 3384 482 3418; x_wconf 89' lang='lat' dir='ltr'>esse</span> <span class='ocrx_word' id='word_1_303' title='bbox 501 3385 564 3420; x_wconf 85' lang='lat' dir='ltr'>curo</span> <span class='ocrx_word' id='word_1_304' title='bbox 581 3387 637 3439; x_wconf 82' lang='lat' dir='ltr'>seq.</span> <span class='ocrx_word' id='word_1_305' title='bbox 655 3365 818 3438; x_wconf 71' lang='lat' dir='ltr'>decepsdstc,</span> <span class='ocrx_word' id='word_1_306' title='bbox 837 3377 907 3421; x_wconf 83' lang='lat' dir='ltr'>reete</span> <span class='ocrx_word' id='word_1_307' title='bbox 927 3366 1032 3420; x_wconf 88' lang='lat' dir='ltr'>monuit</span> <span class='ocrx_word' id='word_1_308' title='bbox 1049 3366 1190 3422; x_wconf 88' lang='lat' dir='ltr'>Martinius</span> <span class='ocrx_word' id='word_1_309' title='bbox 1209 3388 1232 3440; x_wconf 88' lang='lat' dir='ltr'>p.</span> <span class='ocrx_word' id='word_1_310' title='bbox 1246 3371 1298 3436; x_wconf 75' lang='lat' dir='ltr'>lh]</span> 
     </span>
    </p>

    <p class='ocr_par' dir='ltr' id='par_1_5' title="bbox 289 3453 1367 4228">
     <span class='ocr_line' id='line_1_33' title="bbox 362 3453 1367 3528; baseline 0.007 -24"><span class='ocrx_word' id='word_1_311' title='bbox 362 3453 398 3520; x_wconf 87' lang='lat'>[&#39;)</span> <span class='ocrx_word' id='word_1_312' title='bbox 417 3453 542 3508; x_wconf 74' lang='lat' dir='ltr'>Lachetis</span> <span class='ocrx_word' id='word_1_313' title='bbox 568 3454 697 3528; x_wconf 86' lang='lat' dir='ltr'>sophistae</span> <span class='ocrx_word' id='word_1_314' title='bbox 726 3455 865 3510; x_wconf 84' lang='lat' dir='ltr'>Marciano</span> <span class='ocrx_word' id='word_1_315' title='bbox 894 3465 921 3508; x_wconf 83' lang='lat' dir='ltr'>et</span> <span class='ocrx_word' id='word_1_316' title='bbox 946 3453 1037 3507; x_wconf 84' lang='lat' dir='ltr'>Leone</span> <span class='ocrx_word' id='word_1_317' title='bbox 1064 3455 1128 3524; x_wconf 88' lang='lat' dir='ltr'>imp.</span> <span class='ocrx_word' id='word_1_318' title='bbox 1156 3454 1275 3510; x_wconf 85' lang='lat' dir='ltr'>florentis</span> <span class='ocrx_word' id='word_1_319' title='bbox 1300 3455 1367 3512; x_wconf 85' lang='lat' dir='ltr'>hanc</span> 
     </span>
     <span class='ocr_line' id='line_1_34' title="bbox 290 3538 1365 3614; baseline 0.012 -28"><span class='ocrx_word' id='word_1_320' title='bbox 290 3539 406 3609; x_wconf 70' lang='lat' dir='ltr'>{ereptor</span> <span class='ocrx_word' id='word_1_321' title='bbox 426 3538 472 3609; x_wconf 73' lang='grc' dir='ltr'>ιὴν</span> <span class='ocrx_word' id='word_1_322' title='bbox 490 3539 558 3592; x_wconf 73' lang='lat' dir='ltr'>sea-d</span> <span class='ocrx_word' id='word_1_323' title='bbox 573 3545 723 3614; x_wconf 72' lang='grc' dir='ltr'><strong><em>Κορνοῦτον</em></strong></span> <span class='ocrx_word' id='word_1_324' title='bbox 742 3542 775 3595; x_wconf 87' lang='lat' dir='ltr'>ad</span> <span class='ocrx_word' id='word_1_325' title='bbox 794 3541 963 3596; x_wconf 83' lang='lat' dir='ltr'>historiarum</span> <span class='ocrx_word' id='word_1_326' title='bbox 983 3541 1141 3612; x_wconf 88' lang='lat' dir='ltr'>scriptorem</span> <span class='ocrx_word' id='word_1_327' title='bbox 1155 3542 1306 3598; x_wconf 88' lang='lat' dir='ltr'>Cornutum</span> <span class='ocrx_word' id='word_1_328' title='bbox 1323 3545 1365 3599; x_wconf 85' lang='lat' dir='ltr'>Li-</span> 
     </span>
     <span class='ocr_line' id='line_1_35' title="bbox 291 3627 1365 3702; baseline 0.007 -24"><span class='ocrx_word' id='word_1_329' title='bbox 291 3627 377 3699; x_wconf 81' lang='lat' dir='ltr'>viique</span> <span class='ocrx_word' id='word_1_330' title='bbox 396 3629 534 3702; x_wconf 87' lang='lat' dir='ltr'>aequalem</span> <span class='ocrx_word' id='word_1_331' title='bbox 555 3629 721 3684; x_wconf 75' lang='lat' dir='ltr'>referendam</span> <span class='ocrx_word' id='word_1_332' title='bbox 740 3641 766 3683; x_wconf 92' lang='lat' dir='ltr'>et</span> <span class='ocrx_word' id='word_1_333' title='bbox 782 3629 844 3682; x_wconf 89' lang='lat' dir='ltr'>inde</span> <span class='ocrx_word' id='word_1_334' title='bbox 863 3630 951 3701; x_wconf 89' lang='lat' dir='ltr'>potius</span> <span class='ocrx_word' id='word_1_335' title='bbox 968 3627 1128 3700; x_wconf 86' lang='lat' dir='ltr'>appellatam</span> <span class='ocrx_word' id='word_1_336' title='bbox 1146 3649 1208 3697; x_wconf 88' lang='lat' dir='ltr'>esse,</span> <span class='ocrx_word' id='word_1_337' title='bbox 1228 3631 1299 3702; x_wconf 85' lang='lat' dir='ltr'>quod</span> <span class='ocrx_word' id='word_1_338' title='bbox 1317 3631 1365 3684; x_wconf 85' lang='lat' dir='ltr'>La·</span> 
     </span>
     <span class='ocr_line' id='line_1_36' title="bbox 290 3715 1363 3783; baseline 0.004 -15"><span class='ocrx_word' id='word_1_339' title='bbox 290 3715 382 3769; x_wconf 84' lang='lat' dir='ltr'>chares</span> <span class='ocrx_word' id='word_1_340' title='bbox 400 3717 427 3768; x_wconf 91' lang='lat' dir='ltr'>in</span> <span class='ocrx_word' id='word_1_341' title='bbox 446 3736 476 3768; x_wconf 88' lang='lat' dir='ltr'>ea</span> <span class='ocrx_word' id='word_1_342' title='bbox 496 3718 683 3772; x_wconf 86' lang='lat' dir='ltr'>concinnanda</span> <span class='ocrx_word' id='word_1_343' title='bbox 700 3717 851 3772; x_wconf 89' lang='lat' dir='ltr'>Cornutum</span> <span class='ocrx_word' id='word_1_344' title='bbox 870 3730 975 3772; x_wconf 86' lang='lat' dir='ltr'>secutus</span> <span class='ocrx_word' id='word_1_345' title='bbox 992 3718 1038 3783; x_wconf 86' lang='lat' dir='ltr'>sit,</span> <span class='ocrx_word' id='word_1_346' title='bbox 1059 3718 1183 3772; x_wconf 80' lang='lat' dir='ltr'>adversus</span> <span class='ocrx_word' id='word_1_347' title='bbox 1202 3718 1363 3774; x_wconf 81' lang='lat' dir='ltr'>Bruclerum</span> 
     </span>
     <span class='ocr_line' id='line_1_37' title="bbox 289 3805 1363 3880; baseline 0.005 -24"><span class='ocrx_word' id='word_1_348' title='bbox 289 3805 358 3858; x_wconf 87' lang='lat' dir='ltr'>hene</span> <span class='ocrx_word' id='word_1_349' title='bbox 378 3805 483 3859; x_wconf 90' lang='lat' dir='ltr'>monuit</span> <span class='ocrx_word' id='word_1_350' title='bbox 497 3805 637 3860; x_wconf 86' lang='lat' dir='ltr'>Martioius</span> <span class='ocrx_word' id='word_1_351' title='bbox 658 3827 684 3878; x_wconf 88' lang='lat' dir='ltr'>p.</span> <span class='ocrx_word' id='word_1_352' title='bbox 696 3810 739 3860; x_wconf 82' lang='lat' dir='ltr'>tt.</span> <span class='ocrx_word' id='word_1_353' title='bbox 776 3805 927 3860; x_wconf 88' lang='lat' dir='ltr'>Permirum</span> <span class='ocrx_word' id='word_1_354' title='bbox 943 3817 1042 3871; x_wconf 86' lang='lat' dir='ltr'>autem,</span> <span class='ocrx_word' id='word_1_355' title='bbox 1062 3805 1178 3860; x_wconf 82' lang='lat' dir='ltr'>historici</span> <span class='ocrx_word' id='word_1_356' title='bbox 1193 3807 1261 3861; x_wconf 89' lang='lat' dir='ltr'>illius</span> <span class='ocrx_word' id='word_1_357' title='bbox 1274 3828 1363 3880; x_wconf 83' lang='lat' dir='ltr'>quam-</span> 
     </span>
     <span class='ocr_line' id='line_1_38' title="bbox 291 3892 1363 3968; baseline 0.007 -25"><span class='ocrx_word' id='word_1_358' title='bbox 291 3892 327 3944; x_wconf 77' lang='lat' dir='ltr'>tis</span> <span class='ocrx_word' id='word_1_359' title='bbox 350 3893 455 3964; x_wconf 90' lang='lat' dir='ltr'>insipidi</span> <span class='ocrx_word' id='word_1_360' title='bbox 475 3893 587 3949; x_wconf 86' lang='lat' dir='ltr'>Cornuti</span> <span class='ocrx_word' id='word_1_361' title='bbox 608 3893 780 3958; x_wconf 85' lang='lat' dir='ltr'>memoriam,</span> <span class='ocrx_word' id='word_1_362' title='bbox 802 3895 823 3948; x_wconf 87' lang='lat' dir='ltr'>si</span> <span class='ocrx_word' id='word_1_363' title='bbox 842 3893 952 3947; x_wconf 86' lang='lat' dir='ltr'>Suidam</span> <span class='ocrx_word' id='word_1_364' title='bbox 972 3895 1077 3948; x_wconf 91' lang='lat' dir='ltr'>duobus</span> <span class='ocrx_word' id='word_1_365' title='bbox 1095 3894 1147 3948; x_wconf 90' lang='lat' dir='ltr'>illis</span> <span class='ocrx_word' id='word_1_366' title='bbox 1165 3895 1230 3948; x_wconf 90' lang='lat' dir='ltr'>locis</span> <span class='ocrx_word' id='word_1_367' title='bbox 1248 3896 1363 3968; x_wconf 82' lang='lat' dir='ltr'>excipias,</span> 
     </span>
     <span class='ocr_line' id='line_1_39' title="bbox 290 3982 1363 4055; baseline 0.006 -23"><span class='ocrx_word' id='word_1_368' title='bbox 290 3999 399 4050; x_wconf 88' lang='lat' dir='ltr'>prorsus</span> <span class='ocrx_word' id='word_1_369' title='bbox 415 3983 553 4050; x_wconf 86' lang='lat' dir='ltr'>interiisse,</span> <span class='ocrx_word' id='word_1_370' title='bbox 572 3993 598 4036; x_wconf 88' lang='lat' dir='ltr'>ct</span> <span class='ocrx_word' id='word_1_371' title='bbox 616 3983 699 4054; x_wconf 76' lang='lat' dir='ltr'>magis</span> <span class='ocrx_word' id='word_1_372' title='bbox 717 3982 796 4034; x_wconf 86' lang='lat' dir='ltr'>etiam</span> <span class='ocrx_word' id='word_1_373' title='bbox 816 3982 922 4047; x_wconf 87' lang='lat' dir='ltr'>mirum,</span> <span class='ocrx_word' id='word_1_374' title='bbox 943 3982 1089 4052; x_wconf 83' lang='lat' dir='ltr'>posteriore</span> <span class='ocrx_word' id='word_1_375' title='bbox 1106 3994 1225 4055; x_wconf 89' lang='lat' dir='ltr'>tempore</span> <span class='ocrx_word' id='word_1_376' title='bbox 1242 4004 1296 4055; x_wconf 90' lang='lat' dir='ltr'>quo</span> <span class='ocrx_word' id='word_1_377' title='bbox 1312 4005 1363 4038; x_wconf 89' lang='lat' dir='ltr'>uon</span> 
     </span>
     <span class='ocr_line' id='line_1_40' title="bbox 290 4066 1363 4144; baseline 0.007 -25"><span class='ocrx_word' id='word_1_378' title='bbox 290 4066 400 4123; x_wconf 83' lang='lat' dir='ltr'>deerant</span> <span class='ocrx_word' id='word_1_379' title='bbox 422 4070 522 4142; x_wconf 91' lang='lat' dir='ltr'>optima</span> <span class='ocrx_word' id='word_1_380' title='bbox 548 4070 817 4144; x_wconf 86' lang='lat' dir='ltr'>locupletissimorum</span> <span class='ocrx_word' id='word_1_381' title='bbox 841 4081 982 4124; x_wconf 85' lang='lat' dir='ltr'>auctorum</span> <span class='ocrx_word' id='word_1_382' title='bbox 1002 4070 1116 4141; x_wconf 86' lang='lat' dir='ltr'>scripta,</span> <span class='ocrx_word' id='word_1_383' title='bbox 1144 4089 1211 4142; x_wconf 88' lang='lat' dir='ltr'>quae</span> <span class='ocrx_word' id='word_1_384' title='bbox 1230 4072 1275 4142; x_wconf 90' lang='lat' dir='ltr'>qui</span> <span class='ocrx_word' id='word_1_385' title='bbox 1294 4071 1363 4126; x_wconf 88' lang='lat' dir='ltr'>vellet</span> 
     </span>
     <span class='ocr_line' id='line_1_41' title="bbox 290 4157 1362 4228; baseline 0.006 -20"><span class='ocrx_word' id='word_1_386' title='bbox 290 4173 430 4226; x_wconf 82' lang='lat' dir='ltr'>excerpere</span> <span class='ocrx_word' id='word_1_387' title='bbox 449 4175 580 4228; x_wconf 86' lang='lat' dir='ltr'>suumque</span> <span class='ocrx_word' id='word_1_388' title='bbox 601 4160 629 4212; x_wconf 86' lang='lat' dir='ltr'>in</span> <span class='ocrx_word' id='word_1_389' title='bbox 648 4178 724 4213; x_wconf 92' lang='lat' dir='ltr'>usum</span> <span class='ocrx_word' id='word_1_390' title='bbox 752 4169 906 4212; x_wconf 73' lang='lat' dir='ltr'>convertere</span> <span class='ocrx_word' id='word_1_391' title='bbox 932 4157 1073 4228; x_wconf 89' lang='lat' dir='ltr'>potuisset,</span> <span class='ocrx_word' id='word_1_392' title='bbox 1102 4157 1252 4214; x_wconf 83' lang='lat' dir='ltr'>aLaehare</span> <span class='ocrx_word' id='word_1_393' title='bbox 1271 4159 1362 4214; x_wconf 88' lang='lat' dir='ltr'>doetis-</span> 
     </span>
    </p>
   </div>
   <div class='ocr_carea' id='block_1_5' title="bbox 0 0 1490 4836">
    <p class='ocr_par' dir='ltr' id='par_1_6' title="bbox 0 0 1490 4836">
     <span class='ocr_line' id='line_1_42' title="bbox 0 0 1490 4836; baseline 0 0"><span class='ocrx_word' id='word_1_394' title='bbox 0 0 1490 4836; x_wconf 95' lang='lat' dir='ltr'> </span> 
     </span>
    </p>
   </div>
  </div>
 </body>
</html>
