2972 4836
651 347 698 364 ···
742 333 843 376 LXVII!
883 345 926 358 ⁸¹¹·

256 494 342 564 patet
377 482 601 546 conformatam
635 503 703 544 eam
734 502 800 545 asse
829 478 868 542 ad
894 479 1013 541 ciarum
1044 473 1111 536 aius
1139 471 1347 552 grammatici

254 605 378 661 nomen,
398 605 463 667 quo
484 586 518 647 in
540 581 756 648 concinnando
783 579 1005 646 commentario
1026 589 1137 640 auctor
1152 576 1343 658 quicunque

252 687 449 767 potissimum
478 707 551 750 usus
582 687 634 749 sit.
684 689 792 769 ltaque
826 696 860 746 nt
890 692 1117 745 commentator
1144 679 1253 742 Harici
1281 679 1340 742 vel

253 789 370 850 Hier-ici
387 789 483 852 fucrit
502 790 689 872 discipulus,
711 788 796 873 quod
818 789 965 851 lubenter
986 782 1183 846 concedimus
1205 799 1341 864 quoque

253 909 399 954 concesso
422 911 482 972 pro
510 906 597 956 certo
625 913 698 954 sanc
719 888 915 965 habendum,
946 886 1204 949 commentarium
1225 883 1338 946 Caroli

252 993 287 1056 C.
306 994 372 1056 iera
395 1015 473 1058 asro
491 995 677 1058 adornatum
695 995 807 1058 fuisses
832 1005 935 1054 tamen
958 990 1132 1054 Cornutum
1154 988 1209 1050 illa
1230 999 1335 1050 aetate

253 1097 432 1178 quampiam
448 1097 555 1175 inisse,
576 1096 817 1179 haudquaquam
839 1095 1005 1175 probatum
1029 1104 1085 1171 est,
1105 1101 1201 1174 atqua
1221 1100 1339 1152 notan·

253 1196 327 1261 dum
351 1200 490 1280 insuper,
512 1200 634 1264 duobus
656 1200 719 1262 iilis
742 1199 933 1260 scholiorum
954 1195 1040 1271 locis,
1060 1216 1102 1258 ex
1122 1195 1236 1276 quibua
1254 1191 1335 1255 Cor·

254 1313 364 1376 autum
385 1303 504 1364 Hicrici
526 1301 714 1384 discipulum
735 1312 830 1383 atque
858 1298 1103 1360 recentissimum
1127 1309 1159 1358 ct
1181 1295 1337 1359 Christia-

253 1424 328 1466 num
349 1405 476 1468 iabnius
498 1405 620 1468 citicere
642 1403 779 1482 studuit,
810 1402 945 1464 Cornuti
964 1402 1082 1464 nnllam
1107 1399 1178 1462 fieri
1198 1400 1335 1462 mentio·

254 1525 324 1568 nem
338 1508 377 1590 *).
420 1509 522 1587 igitur
543 1507 685 1571 Cornuto
708 1509 763 1568 illo
785 1507 909 1570 iuniore
929 1517 1030 1582 recte,
1061 1515 1095 1566 ut
1120 1500 1264 1580 ridetur,
1292 1500 1336 1564 de

254 1606 356 1668 medio
379 1610 514 1687 sublato,
537 1612 685 1671 habemur
707 1611 768 1670 iam
790 1629 860 1670 aum
884 1607 980 1670 totius
1000 1626 1125 1668 onosma
1149 1615 1273 1682 statum,
1297 1617 1335 1666 ut

254 1709 378 1772 tametsi
402 1730 483 1774 nora
508 1713 670 1774 exoriatur
696 1712 856 1794 quaestio,
891 1728 955 1792 quo
979 1705 1072 1769 modo
1094 1707 1335 1768 commentarius

253 1809 287 1872 in
309 1812 488 1874 Iuvenalem
509 1811 643 1876 Cornuti
664 1812 786 1874 nomini
806 1811 934 1874 inscribi
955 1810 1111 1891 potuerit,
1135 1829 1229 1892 qnam
1252 1808 1337 1870 diiii·

256 1916 403 1978 cultatsm
427 1917 471 1979 ita
493 1917 584 1978 iacila
607 1916 750 1999 expediri
771 1935 863 1996 possa
892 1913 1054 1988 existimo,
1084 1923 1120 1974 ut
1140 1934 1159 1974 a
1180 1931 1336 1976 commcn-

255 2017 327 2078 tarii
349 2019 383 2080 in
405 2019 564 2099 Persium,
594 2021 703 2104 quiin
725 2018 831 2083 codice
853 2019 943 2081 ittam
966 2017 1109 2100 sequitur
1131 2015 1336 2098 Cornutoque

252 2119 445 2198 uindicatur,
466 2124 669 2204 inscriptione
693 2143 806 2185 nomen
823 2122 958 2184 auctoris
974 2119 1126 2182 adscitum
1143 2119 1199 2197 sit,
1220 2131 1335 2196 tamen,

255 2224 312 2284 hac
342 2222 381 2284 ds
409 2224 587 2286 coniectura
616 2223 772 2307 quidquid
798 2234 916 2286 statuas
939 2255 980 2268 —
1003 2241 1075 2282 nam
1103 2222 1178 2282 lsssc
1200 2219 1338 2282 enodare

255 2343 358 2384 menna
379 2344 444 2385 non
467 2337 513 2388 est
535 2348 592 2387 -ι
617 2326 789 2406 disputatio
809 2337 917 2387 nostra
938 2323 977 2385 sd
998 2322 1175 2384 Cornutum
1196 2337 1336 2386 reterens

256 2427 340 2488 uitro
362 2441 546 2507 revocatur,
577 2441 644 2491 tum
675 2427 799 2490 demum
827 2423 1036 2487 omittendum
1059 2436 1090 2485 et
1112 2445 1182 2485 cum
1203 2427 1337 2489 Valerio

256 2530 358 2592 Probo
374 2529 636 2609 commutandum,
655 2549 753 2612 quum
769 2529 816 2590 iili
832 2529 933 2590 locum
952 2523 1020 2588 dari
1033 2528 1122 2589 nullo
1137 2539 1228 2607 pacto
1244 2547 1338 2608 laneae

255 2631 500 2697 demonstratum
519 2635 624 2698 inerit.
668 2634 735 2696 Hoc
757 2644 860 2694 autem
881 2629 982 2692 adbuc
1004 2629 1249 2693 demonstratum
1270 2649 1334 2691 non

331 2863 355 2931 ‘)
374 2863 468 2920 Priore
493 2867 554 2922 ioco
579 2885 647 2938 quae
671 2868 698 2920 in
724 2867 784 2922 cod.
803 2867 883 2920 Rern.
903 2865 1044 2937 leguntur,
1071 2881 1127 2916 non
1147 2861 1219 2934 quod
1238 2863 1335 2917 decur-

255 2963 308 3008 tata
327 2951 435 3007 lahnius
453 2973 479 3027 p.
499 2969 549 3009 cxx
567 2975 596 3010 ea
616 2957 703 3022 affert,
723 2957 768 3010 sed
788 2967 817 3010 ut
837 2975 892 3010 unc
912 2955 1033 3024 exempto
1051 2953 1240 3020 demonstrem,
1264 2973 1337 3008 nnn·

256 3041 329 3096 nulia
358 3040 473 3098 Cornuti
499 3044 609 3098 nornine
633 3044 766 3116 proferri,
794 3063 863 3116 quse
887 3043 1026 3115 antiquam
1052 3041 1201 3096 doctrinam
1225 3043 1338 3096 indubie

255 3131 375 3201 sapiant,
404 3130 526 3202 pleniora
545 3151 573 3185 es
592 3132 700 3188 Sinneri
720 3131 804 3186 Catai.
830 3151 856 3206 p.
874 3134 926 3186 503
952 3129 1102 3184 describere
1126 3128 1211 3182 iuret:
1235 3129 1336 3200 „Apud

254 3217 379 3288 antiquos
397 3218 463 3270 sarri
483 3215 529 3288 qni
549 3221 708 3274 emebantur
725 3220 774 3274 sub
793 3219 864 3274 hasta
884 3219 1012 3291 emptoris
1030 3217 1133 3271 domini
1158 3217 1269 3270 transire
1288 3237 1335 3270 co-

255 3305 396 3375 gebantur.
434 3303 507 3357 idern
527 3316 565 3359 cst
582 3316 687 3373 autem,
707 3319 736 3359 ut
755 3307 791 3360 ait
809 3303 960 3373 Cornutus,
979 3307 1026 3359 suh
1047 3325 1147 3360 corona
1167 3304 1242 3358 rendi
1262 3305 1334 3376 quod

254 3393 303 3446 suh
323 3393 394 3446 hasta
415 3393 543 3458 transire;
570 3395 618 3448 sub
639 3393 819 3449 coronavero
839 3395 915 3448 vendi
934 3394 1106 3460 dicebantur,
1131 3393 1193 3466 quia
1212 3395 1335 3464 impone-

256 3483 335 3535 hatur
355 3481 435 3552 capiti
455 3501 550 3535 eorum
569 3483 736 3537 ramusculus
755 3479 858 3536 arboris
877 3495 927 3537 etc.
963 3481 1021 3536 Hoc
1040 3492 1183 3536 tractatum
1204 3491 1271 3534 csta
1291 3479 1335 3532 iu-

253 3567 347 3639 gurtha
361 3585 424 3640 rege
438 3568 632 3632 Numidarum
650 3587 712 3623 cum
725 3569 797 3622 enim
812 3581 878 3622 esset
893 3569 1017 3641 iugurtha
1036 3571 1064 3625 in
1082 3599 1118 3611 -
1133 3568 1248 3624 Albinus
1262 3567 1337 3639 Spu-

254 3658 309 3710 rius
327 3667 352 3710 et
370 3655 455 3710 Anius
474 3657 555 3710 frater
573 3657 630 3710 eius
654 3658 725 3711 missi
751 3671 813 3713 sunt
831 3677 893 3713 curn
913 3677 1009 3730 magns
1030 3660 1151 3730 legiones
1176 3659 1286 3712 demum
1308 3658 1336 3710 in

255 3756 377 3818 ternpore
402 3745 579 3799 comicioruur
599 3744 713 3800 Aihinus
732 3747 844 3800 Romam
869 3747 963 3812 rediit;
992 3745 1097 3800 sciebat
1121 3747 1194 3802 enirn
1223 3747 1290 3800 scire
1316 3746 1337 3800 si

256 3833 371 3886 Romani
391 3831 487 3886 velient
505 3833 619 3904 amphus
637 3853 697 3886 eum
719 3855 810 3906 regere
830 3835 1007 3889 consulatum.
1044 3835 1145 3888 interea
1165 3833 1264 3887 Auium
1286 3833 1336 3885 ob·
1447 3851 1455 3875 ¹

256 3919 323 3973 sedit
340 3919 478 3992 iugurtha,
499 3921 574 3975 cuius
594 3921 663 3992 {egio
682 3923 762 3976 voluit
780 3943 834 3976 sese
854 3923 950 3977 dedere
970 3923 1127 3995 iugurthae3
1146 3923 1190 3976 sed
1209 3919 1334 3992 iugurtha

255 4027 301 4061 eos
320 4007 439 4078 recipere
459 4008 545 4062 noluit
564 4010 613 4062 nisi
632 4010 660 4062 in
686 4009 815 4063 seruitutis
838 4010 945 4081 signum
965 4011 1013 4064 sub
1038 4009 1111 4064 hasta
1133 4009 1215 4082 ipsius
1239 4009 1335 4062 transi-

254 4105 330 4159 rent,
360 4096 432 4166 quod
452 4096 487 4150 ita
506 4098 606 4152 facturn
626 4109 672 4154 est.
710 4099 851 4150 Dominam
870 4109 959 4152 autem
978 4100 1041 4154 dicit
1060 4099 1175 4168 hastam,
1204 4096 1266 4170 quia
1284 4097 1334 4150 do-

253 4184 340 4236 minos
359 4183 444 4238 iacit-'¹
