2774 4840
461 339 695 400 -583-

9 511 95 576 *suist
116 505 201 576 ὅλον
222 501 454 590 σπερματικὸν
472 503 574 590 λόγον
589 498 935 586 α’ναλαμβανόμεναι,
955 503 1008 570 sut
1029 526 1109 569 του-

9 633 89 674 ξτον
123 606 185 678 τὸν
212 605 343 693 τρόπον
372 604 483 694 χώραν
504 619 576 680 ταῖς
607 604 979 690 προσσννοιιιιζομέναις
1011 619 1112 673 natet.

28 710 78 772 stc
100 723 131 772 et
154 709 231 772 dicit
247 708 292 787 ¹),
324 708 464 771 universi
495 719 656 785 naturam,
686 727 755 768 curn
784 725 817 768 se
844 705 937 768 sertis
970 707 1111 770 terminis

28 809 314 891 comprehenderit,
336 807 490 892 quidquid
513 810 596 870 intra
617 829 650 870 se
673 808 852 888 corrumpi,
883 829 1043 871 senescere
1065 823 1111 872 at·

28 933 90 993 que
112 913 225 974 inutile
261 911 331 988 fieri
363 910 505 988 videtur,
518 961 523 966 .
538 909 570 972 id
602 911 635 972 in
657 923 755 973 semet
777 925 960 974 convertere
987 915 1111 996 alisque

8 1033 71 1074 ¹ex
94 1015 142 1076 his
164 1016 242 1096 ipsis
264 1033 346 1075 nova
375 1012 571 1094 producere,
606 1011 686 1076 adan
718 1025 754 1075 ut
783 1034 840 1075 nec
860 1015 989 1076 materia
1009 1027 1112 1077 extra·

28 1137 88 1178 usa
109 1137 188 1198 opus
211 1117 344 1192 habeat,
375 1135 433 1177 nec
453 1135 518 1198 qun
540 1117 715 1196 putrefacta
736 1116 900 1197 proiiciat,
936 1117 1111 1181 desideret:

27 1220 72 1280 ite
96 1229 243 1280 contenta
264 1230 367 1280 menet
391 1229 422 1279 et
444 1219 514 1278 loco
534 1236 591 1279 suo
613 1229 644 1278 et
666 1219 796 1278 materia
817 1240 873 1281 sua
895 1233 928 1281 at
955 1233 1024 1282 ants
1052 1222 1111 1283 sibi

27 1319 170 1400 proprie.
212 1317 296 1380 ldem
314 1317 343 1402 2)
375 1317 469 1396 dicit,
504 1339 537 1380 se
559 1337 599 1380 sx
621 1319 726 1379 animo
751 1331 782 1380 st
804 1339 936 1401 corpore
959 1335 1111 1404 constare,

29 1439 165 1502 quorum
188 1433 334 1482 neutrum
365 1421 397 1482 in
426 1420 558 1481 nihilum
589 1432 818 1499 reverteretur,
853 1421 1112 1503 quemadmodum

26 1543 132 1605 neque
154 1544 194 1586 ex
213 1524 313 1586 nihilo
335 1524 450 1584 tactum
473 1533 534 1600 ast3
556 1519 673 1600 igitur,
692 1521 818 1603 inquit,
840 1522 979 1603 singulae
1002 1544 1112 1606 corpu·

26 1625 73 1688 ris
101 1626 163 1688 mei
193 1638 299 1707 partes
335 1626 368 1687 in
399 1624 535 1706 aliquam
575 1621 683 1684 mundi
718 1636 840 1704 partem
873 1627 1113 1689 commutatione

26 1730 321 1791 transmutabuntur
342 1741 373 1790 et
395 1728 439 1790 sic
461 1728 494 1788 in
519 1725 692 1805 infinitum
715 1723 826 1788 deinde
848 1727 946 1806 addit,
967 1748 999 1790 se
1025 1747 1113 1791 suos·

25 1852 91 1913 qua
112 1843 217 1912 patres
239 1844 271 1894 et
291 1850 367 1894 εισι
389 1832 445 1892 hac
469 1827 711 1890 commutatione
734 1829 855 1908 genitos
888 1830 982 1892 fuisse
1013 1830 1112 1892 idem·

25 1956 90 2018 que
113 1947 268 2016 perpetuo
289 1935 440 2011 futurum,
462 1930 605 2016 quamvis
626 1929 760 1993 mundus
781 1943 880 1993 cenas
905 1944 937 1993 st
957 1932 1035 1994 fixas
1057 1934 1112 1996 ha·
1144 1921 1146 1932 ’

24 2041 101 2100 beat
122 2036 286 2119 periodos:
322 2042 354 2115 ἐξ
376 2033 549 2108 ολιιολδοας
567 2035 624 2101 sat
645 2027 764 2101 ιλλιιιοῦ
785 2034 980 2118 σσνέστηαα·
1016 2027 1112 2103 οὐδέ-

23 2165 127 2224 τερον
146 2139 180 2207 δέ
202 2136 333 2207 ταύταν
353 2140 401 2210 εές
422 2129 462 2202 τὸ
485 2131 534 2218 μή
558 2130 600 2202 ὃν
629 2128 860 2220 φθαρήσεται,
889 2131 999 2220 ὥσπερ
1030 2132 1111 2202 adde

6 2225 61 2307 Ιέιι
84 2242 148 2307 τού
169 2236 218 2326 μὴ
241 2236 340 2314 ὄντος
360 2234 502 2322 ὑπέστη.
538 2229 665 2306 οὖνοῦν
686 2229 933 2324 ααταχθήσεται
956 2238 1028 2304 πᾶν
1048 2237 1112 2321 μέ-

22 2366 85 2425 ρος
108 2338 193 2426 έμόν
213 2336 299 2407 suad
321 2332 521 2426 μεταβολήν
541 2342 589 2412 εἰς
608 2339 711 2424 μέρος
736 2363 770 2407 τι
800 2338 862 2404 τοῦ
882 2335 1021 2422 τόαμοα.
1055 2339 1109 2406 καλ

22 2440 134 2512 πάλιν
163 2447 269 2510 έκεῖνο
303 2445 352 2515 ιΙς
384 2449 498 2524 ἕτερον
528 2439 630 2523 μέρος
663 2441 726 2506 τοῦ
756 2431 885 2522 κόσμον
915 2441 1112 2525 μεταβαλεῖ,

20 2546 79 2612 ιιαλ
100 2540 166 2628 ἤδη
187 2548 235 2616 ιλς
256 2539 410 2628 ἄπειρον.
444 2534 532 2608 suad
552 2537 718 2625 τοιαύτην
747 2540 782 2608 δέ
803 2534 1001 2625 μεταβολὴν
1023 2537 1111 2624 τιλμοὶ

19 2641 182 2730 ὑπέστην
203 2646 256 2712 καλ
278 2650 310 2712 οἱ
331 2648 392 2732 snt
412 2639 655 2730 γεννήσαντες,
684 2644 739 2710 sut
761 2638 939 2709 ἐπανιόντι
960 2643 1009 2714 ιΙς
1029 2637 1110 2706 ἄλλο

17 2743 182 2830 ἄπειρον.
205 2739 305 2814 οὐδὲν
326 2741 392 2833 γαρ
422 2741 541 2813 κωλύει
564 2741 670 2818 οὕτως
691 2737 818 2828 φέναι,
847 2737 913 2809 τᾶν
943 2735 1030 2808 saud
1052 2766 1110 2807 πε·

16 2847 160 2933 (uddone
187 2849 448 2934 πεπερασμένος
479 2839 497 2915 ὁ
527 2842 651 2929 κόσμος
679 2843 843 2926 διοικῆται
877 2865 907 2908 ν.
937 2866 967 2909 τ.
990 2845 1020 2909 λ.
1072 2844 1112 2906 Et

16 2951 96 3012 alibi
118 2949 150 3032 ³)
168 2951 320 3030 affirmat,
353 2949 506 3034 quidquid
537 2947 686 3024 moritur,
720 2963 889 3028 numquam
911 2957 1001 3008 extra
1022 2967 1112 3008 mun·

14 3053 95 3115 dum
128 3051 253 3131 cadere,
280 3052 335 3116 sed
365 3073 490 3116 manere
522 3064 554 3113 et
575 3049 736 3112 immutari
765 3059 797 3110 et
819 3047 949 3112 dissolvi
972 3049 1005 3108 in
1037 3068 1111 3130 pru·

17 3157 94 3238 pria
117 3175 202 3238 quse
226 3167 299 3218 sunt
330 3153 439 3218 mundi
474 3166 505 3215 et
536 3165 643 3214 anatra
674 3153 846 3226 eleruenta3
879 3164 910 3212 et
942 3152 1017 3213 haec
1050 3153 1112 3214 ele·
1153 3141 1163 3158 '

15 3271 131 3322 menta
153 3278 262 3320 rursus
283 3256 460 3333 immutari,
492 3275 549 3316 nen
570 3268 673 3316 tamen
695 3273 909 3314 murmurare:
937 3251 1028 3332 Ἕξα
1049 3254 1113 3320 τοῦ

18 3360 159 3444 ιιόσμοα
182 3355 221 3426 τὸ
242 3351 429 3426 α’ποθανὸν
452 3349 495 3423 οὐ
518 3356 647 3422 πίπτει.
668 3341 700 3421 εἰ
723 3343 785 3421 ὧδε
805 3357 901 3439 μένει
931 3356 986 3422 sut
1007 3379 1112 3440 μετα·

15 3459 167 3548 βάλλει,
200 3449 262 3526 ὦδε
283 3460 338 3528 sut
369 3453 560 3534 διαλύεται,
592 3461 640 3531 ελς
660 3450 702 3523 τοὶ
734 3456 802 3523 ἴδια
833 3453 1021 3547 ἃστοιχιλᾶ
1042 3461 1111 3526 tou

17 3567 86 3632 τοῦ
113 3555 244 3643 κόσμον
274 3560 330 3628 aad
353 3557 394 3624 σά
427 3563 476 3644 (ut
497 3557 658 3639 Epictetus
688 3579 785 3640 supra
805 3559 970 3640 lsudatus,
999 3562 1048 3634 εἰς
1068 3554 1111 3627 τοὶ

17 3667 106 3748 φίλα
131 3662 189 3729 aut
211 3664 374 3750 συγγενῆ,
404 3665 453 3737 εἰς
480 3660 522 3728 τέ
544 3660 711 3751 στοιχεῖα).
754 3664 809 3730 ταὶ
835 3658 923 3732 αὐτοὶ
946 3651 982 3730 δέ
1004 3685 1112 3746 μετα·

14 3763 146 3854 βάλλει
169 3765 223 3830 καλ
247 3757 289 3831 οὗ
307 3763 472 3851 γογγύζιι.
515 3765 555 3826 Et
576 3764 652 3826 alibi
674 3763 721 3849 4).·
743 3759 761 3832 ὅ
783 3761 844 3831 τὸν
866 3757 1026 3830 θάνατον
1047 3786 1111 3846 φο-

15 3867 218 3954 βούμενος,
245 3862 318 3952 ἢτοι
342 3866 563 3952 ἀναισθησίαν
593 3867 772 3950 φοβεῖται,
803 3858 825 3948 ἢ
857 3867 1018 3949 αἴσθησιν
1039 3870 1109 3931 dss-

24 4016 62 4024 .,..
71 4009 313 4022 -—---——--—·--

95 4083 128 4150 1)
149 4081 218 4150 vm,
237 4088 280 4138 ιο.
407 4085 435 4154 ο)
455 4085 488 4150 ν,
507 4081 550 4138 ιε.
683 4082 713 4150 ε)
731 4079 800 4148 vm,
819 4083 861 4134 ss.

94 4171 129 4240 ι)
147 4170 217 4238 vm,
236 4175 280 4228 ss.
