2972 4836
511 383 777 426 ‘'XLV'-

102 551 208 592 entum
232 541 329 592 vocat
356 531 434 591 hero
463 527 503 590 de
526 529 572 592 St.
595 530 710 607 Crnix,
742 542 774 590 ut
804 529 882 592 illud
905 542 996 593 antea
1015 533 1194 598 Bruokemt

100 636 138 695 Τ.
158 635 199 698 ll.
228 655 265 712 p.
288 635 352 694 5³9
383 631 509 693 dixerat
536 632 708 712 theologiae
740 631 862 696 Stoicae
894 634 1016 712 elegane
1048 655 1193 718 compan-

104 735 199 797 dium.
247 735 297 796 Eo
319 733 489 814 pretiosius
515 749 615 797 nutam
642 746 706 813 eet,
737 734 822 816 quod
851 737 951 798 eolum
981 749 1029 800 tot
1051 753 1191 803 veterum

105 836 298 914 Stnioorum,
321 837 471 914 Zenonis,
493 837 671 919 Chrysippi,
693 836 863 915 Cleanthis,
885 837 1044 902 Posidonii
1060 854 1097 904 et
1116 845 1193 906 alio·

101 947 180 1000 mm·
193 940 448 1017 innumerorum,
471 961 605 1022 quorum
625 960 721 1022 opera
740 962 836 1022 eupra
854 953 909 1002 aut
924 941 1120 1006 laudavimus
1139 961 1192 1010 aut

101 1043 274 1106 brevitatis
296 1061 404 1104 causeo
425 1042 599 1120 omisimue,
620 1043 771 1103 iacturam
793 1043 920 1121 explent
933 1041 963 1126 *)
985 1055 1081 1126 atque
1102 1045 1193 1114 eino-

103 1139 261 1211 au'nnnw
282 1145 392 1220 eiatut,
424 1167 443 1205 a
467 1143 646 1206 doctissimo
667 1146 874 1224 philosopho,
909 1145 1112 1210 celeberrimo
1136 1149 1193 1214 illo

105 1246 252 1308 Cornuto
275 1245 476 1325 delineatam,
498 1259 530 1307 et
550 1246 677 1308 unicum
699 1245 835 1325 supersit
857 1243 895 1308 de
911 1243 1087 1312 Stoicorum
1105 1251 1193 1316 theo-

104 1351 184 1428 logia
214 1360 251 1410 et
279 1349 479 1432 physiologia
504 1349 714 1429 conscriptum
729 1345 793 1430 **),
821 1367 891 1408 oum
912 1367 1020 1412 eorum
1040 1349 1191 1418 moralem

104 1449 282 1512 doctrinam
307 1471 348 1512 ex
368 1453 477 1514 Marco
499 1452 671 1530 Antonino,
692 1449 847 1530 Epicteto,
866 1451 1002 1515 Arriano
1023 1466 1055 1514 et
1075 1455 1191 1520 Seneca

104 1572 295 1631 oognoacera
309 1551 384 1636 m),
410 1553 654 1635 physiologioam
675 1563 779 1616 autem
801 1564 833 1614 et
855 1553 1062 1634 theologicum
1085 1579 1104 1620 e
1124 1561 1191 1622 eolo

174 1770 199 1838 ’j
220 1768 380 1842 [Simplicio
397 1780 478 1837 teste,
506 1781 591 1825 aetate
610 1770 692 1843 ipsine
716 1771 830 1843 plurime
848 1771 1004 1827 Stoicorum
1022 1775 1118 1848 scripta
1136 1777 1189 1831 iant

104 1858 305 1913 intueidennt.
343 1859 376 1910 V.
399 1857 468 1912 Abh.
490 1858 518 1911 d.
544 1859 636 1930 philol.
659 1859 752 1931 phiton
773 1859 817 1914 ΚΙ.
834 1861 883 1916 det·
899 1861 934 1915 K.
952 1862 1039 1918 Beier.
1059 1863 1143 1920 atad.
1163 1867 1189 1919 d.

103 1946 185 1999 Wua.
202 1945 236 2010 ll,
255 1949 283 1999 1.
300 1965 328 2017 p.
349 1947 421 2014 m]
998 1999 1000 2004 .

166 2033 204 2100 “)
220 2033 326 2100 [Animi
352 2052 443 2087 caussa
469 2034 538 2090 iuvat
563 2035 691 2108 hisquae
717 2034 750 2087 de
775 2033 854 2086 laude
873 2033 987 2090 Cornuti
1012 2049 1037 2091 et
1063 2041 1189 2110 gravitate

104 2117 270 2174 Vilioiaonnn
293 2122 477 2188 commonuit,
505 2142 643 2196 opponere
669 2121 799 2177 iudicium
818 2119 925 2194 gentiiis
944 2123 1079 2178 cuiusdam
1098 2127 1137 2180 sui
1157 2127 1189 2182 de

104 2203 237 2274 Cornuto,
257 2219 284 2261 et
301 2207 390 2264 iudice
405 2223 432 2265 et
445 2209 567 2264 Comuto
586 2211 738 2282 indignum,
758 2229 812 2282 quo
831 2209 970 2281 egregium
988 2211 1115 2268 habemus
1134 2216 1190 2271 eius

106 2295 214 2351 levitatis
233 2297 404 2370 exemplum,
428 2315 480 2370 qua
499 2309 588 2353 nostra
607 2309 690 2354 aetate
709 2299 803 2365 multi,
825 2302 871 2372 qui
889 2311 1017 2373 tanquam
1036 2323 1065 2355 aa
1084 2305 1189 2376 tripode

106 2384 271 2456 respondere
283 2386 334 2438 sihi
348 2397 463 2452 sumant,
482 2387 520 2440 uti
539 2388 650 2441 eoieant.
685 2385 739 2440 Sed
754 2385 894 2441 audiamus
907 2401 1029 2444 nostrum
1043 2389 1188 2450 bominem.

106 2472 218 2541 „Quent
238 2474 254 2524 i
274 2472 426 2542 Cornutus,
453 2474 560 2530 tuit-it
584 2475 648 2530 bien
668 2496 769 2550 propre
793 2477 808 2530 i
833 2479 937 2534 former
958 2479 1058 2551 i'eaprit
1083 2483 1117 2536 de
1139 2501 1189 2536 eon

106 2561 191 2630 eie've,
218 2561 261 2616 tui
284 2563 330 2634 qui
354 2563 504 2618 u’admirait
527 2564 586 2618 rien
611 2583 664 2636 que
689 2565 727 2620 lea
745 2585 874 2638 ouvrages
891 2565 924 2620 de
942 2565 1112 2642 Chrysippo?
1149 2568 1188 2648 Cp

105 2647 262 2722 Chrysippe
281 2651 342 2703 enit
360 2671 396 2704 un
417 2652 584 2708 rive-creua
603 2653 649 2723 qui
669 2653 773 2720 e'orivit,
797 2653 872 2707 aelon
890 2653 916 2707 la
934 2655 1136 2710 nomenclatura
1155 2657 1189 2711 de

103 2735 235 2806 Diogine
254 2737 357 2804 La‘e'rce,
373 2743 441 2793 troie
455 2752 513 2794 cent
530 2759 594 2793 onze
608 2739 697 2794 trnite'e
711 2761 756 2792 eur
774 2740 820 2794 des
834 2740 957 2796 matiiree
970 2742 1003 2795 de
1015 2743 1187 2814 dialectique;

105 2826 171 2878 trois
188 2835 254 2880 cent
271 2845 335 2880 onze
353 2839 454 2900 portes,
473 2827 487 2880 :i
507 2829 638 2901 tris-peu
656 2827 689 2880 de
712 2827 804 2882 choses
822 2831 898 2900 pris,
921 2849 992 2901 pour
1009 2829 1034 2882 ia
1055 2831 1187 2901 posterite',

107 2913 151 2984 qni
177 2912 240 2966 n'en
265 2934 280 2967 a
306 2915 366 2988 pins
390 2935 442 2989 qne
467 2915 505 2968 lea
528 2915 608 2969 titrea.
653 2913 802 2990 Chrysippe
823 2913 977 2986 soutenait,
999 2927 1074 2972 entre
1100 2931 1189 2974 autres
1239 2957 1242 2962 -

106 3001 243 3055 doctrines
266 3001 358 3072 soilee,
385 3003 449 3078 qu'ii
472 3014 511 3058 eet
526 3005 580 3058 trie
597 3003 761 3058 eonvenahle
779 3004 861 3075 qu'nn
880 3006 945 3074 pdee
964 3007 1062 3074 e'pouae
1079 3022 1107 3057 ea
1126 3005 1187 3072 otte,

107 3100 134 3142 et
151 3090 214 3161 qn'il
233 3101 296 3146 aaut
311 3091 399 3146 mieux
415 3111 529 3165 manger
547 3091 586 3146 les
601 3101 685 3146 morta
704 3089 813 3162 quoles
832 3100 960 3142 enteerer.
993 3090 1026 3141 Je
1041 3090 1101 3159 puis
1111 3091 1189 3163 juger

109 3175 243 3232 Comutue
262 3198 312 3250 pat·
329 3199 379 3234 aon
398 3182 488 3236 eatime
505 3199 577 3253 pout·
595 3177 759 3249 Chrysippo,
779 3187 804 3229 et
821 3175 838 3229 it
858 3175 882 3228 ie
900 3176 957 3230 saut
978 3175 1055 3244 bien,
1075 3177 1189 3252 puisque

108 3267 251 3321 ianecdote
278 3286 330 3339 que
354 3268 395 3337 j'at
414 3269 480 3323 eitde
498 3280 537 3322 eet
554 3267 579 3320 le
597 3265 652 3319 aeui
672 3275 831 3318 monument
849 3263 1044 3338 biographique
1063 3287 1115 3339 que
1133 3267 1187 3323 l'on

109 3355 142 3407 ait
157 3355 191 3407 de
209 3354 265 3420 lui,
293 3355 311 3408 ii
329 3356 395 3410 n’eet
418 3375 465 3428 pas
482 3354 686 3410 dernisounable
706 3353 738 3407 de
756 3353 814 3406 dire
833 3371 885 3424 que
903 3349 1053 3426 Gheyaippe
1071 3367 1097 3409 et
1115 3355 1186 3410 Cor-

109 3452 185 3496 nutus
202 3442 302 3496 e'taient
319 3442 385 3498 deux
404 3444 478 3510 sous,
505 3445 551 3516 qui
569 3463 603 3497 ne
622 3442 764 3515 poueaient
781 3442 859 3513 point
876 3436 890 3492 d
909 3459 957 3494 eux
976 3443 1042 3496 deun
1060 3443 1127 3496 inite
1145 3463 1188 3499 un·

108 3528 212 3583 homme
230 3531 264 3584 de
283 3531 338 3586 hon
356 3549 424 3586 sene.
465 3532 573 3586 J'avoue
592 3549 644 3603 que
661 3533 686 3600 je
705 3530 757 3584 n'ai
776 3547 824 3601 pas
841 3527 870 3582 lu
888 3547 926 3583 un
944 3532 1021 3585 truite
1039 3531 1072 3585 de
1090 3531 1115 3586 la
1135 3553 1185 3587 na-

108 3629 163 3672 ture
181 3619 230 3672 dee
247 3618 333 3685 dieue,
353 3619 435 3692 qu'on
449 3619 488 3674 dit
500 3617 555 3673 dtre
568 3617 701 3689 l'ouvrage
713 3618 747 3670 de
759 3615 911 3680 Comututt
927 3635 1061 3691 parceque
1073 3619 1184 3674 d'abord

109 3725 137 3762 ee
150 3707 229 3761 haiti
245 3719 284 3761 eet
302 3723 421 3778 pantenu
434 3706 535 3779 jueqn'ai
549 3723 616 3760 none
627 3723 689 3759 eous
699 3704 725 3758 le
738 3723 802 3758 nom
818 3703 852 3756 de
865 3703 1030 3773 Phurnutue,
1049 3721 1075 3762 et
1088 3727 1184 3779 parce-

109 3796 253 3868 qn'ensnite
272 3815 310 3849 un
328 3813 445 3868 ouvrage
462 3797 495 3850 de
513 3795 657 3866 thdogonie
673 3792 820 3848 stoicienne
839 3809 874 3844 ne
890 3793 970 3847 serait
984 3793 1067 3864 guina
1085 3809 1185 3864 propre

110 3883 257 3956 iehanger
281 3883 411 3956 i'opinion
434 3901 487 3956 que
507 3881 549 3952 j'ai
569 3881 606 3935 du
623 3883 679 3935 bon
701 3897 762 3934 eene
782 3881 817 3933 de
834 3877 993 3935 Cornutus-'¹
1032 3879 1132 3934 Etudee
1150 3880 1183 3936 de

110 3989 213 4028 moeurs
234 3984 262 4026 et
285 3973 319 4026 de
345 3972 460 4043 critique
477 3989 523 4025 eur
546 3970 583 4023 lea
600 3971 692 4041 poitee
707 3968 797 4022 Latina
814 3967 848 4020 de
864 3968 891 4020 la
907 3965 1058 4026 ddoadenoe
1077 3987 1126 4040 par
1142 3969 1181 4030 Μ,

111 4060 143 4114 D.
159 4059 268 4127 Niurd,
286 4061 320 4114 T.
336 4061 357 4114 1.
374 4057 509 4114 Bruxellee
526 4059 604 4114 teat
623 4079 649 4130 p.
661 4059 732 4124 hid]
753 4077 754 4080 ¹

152 4148 201 4218 m)
219 4147 350 4216 [Sene-eim
373 4147 447 4203 hune
472 4147 562 4202 locum
586 4145 709 4200 tractavit
732 4141 841 4212 Ktippel
867 4140 1012 4198 Doettinae
1029 4145 1183 4202 Stoicorum

111 4233 206 4290 ethicae
224 4245 306 4308 atque
323 4234 488 4292 Chtiatinnne
504 4234 632 4308 expositio
650 4244 677 4286 et
694 4229 869 4301 companatio,
887 4227 1031 4303 Gottingae
1047 4236 1132 4298 ¹823,
1150 4233 1183 4284 de
