2774 4840
432 341 669 404 -563-

14 533 147 591 menes-o,
169 516 244 576 tanc
266 515 399 576 muniam.
445 514 504 595 Qui
523 526 588 576 ants
607 535 656 576 nos
676 519 731 576 mc
753 526 902 590 moverunt,
922 535 976 578 non
993 517 1098 579 domini

14 623 112 692 rostri,
148 619 201 678 sed
221 618 308 677 daces
328 625 401 678 arnt.
455 617 541 680 Patet
561 619 685 678 omnibus
705 621 822 692 ueritas,
844 619 965 678 nemum
988 632 1027 682 est
1047 641 1095 681 oe-

17 731 137 798 upata,·
166 722 284 780 mnam
305 739 341 780 ecc
360 719 410 778 illa
432 723 517 780 etiam
533 719 641 798 sutun's
661 721 785 780 relictum
806 729 855 780 est.
896 717 1013 780 Ibidem
1037 721 1095 782 hoc

14 831 166 882 nteresse
188 821 274 882 inter
293 818 416 880 Stoicos
440 829 472 888 et
492 817 664 898 Epicureos
684 831 801 897 monet,
823 816 906 900 quod
930 817 1013 900 apud
1038 823 1094 883 lros

14 941 119 984 »mnes
143 922 284 984 omnium
307 920 434 982 huiusce
455 930 556 982 sectae
578 921 839 1002 philosophorum
861 924 1032 985 sententiae
1055 923 1093 988 ad
1162 904 1166 913 ¹

14 1045 109 1086 enum
132 1024 327 1087 conditorem
348 1023 517 1104 Epicurum
538 1024 750 1103 referrentur,
780 1024 863 1106 apud
889 1025 1012 1090 Stoicos
1040 1049 1095 1089 au·

14 1145 72 1188 :em
96 1127 231 1206 singulis
253 1128 408 1206 singulae,
429 1146 508 1208 quae
531 1147 623 1207 saepe
645 1125 786 1190 diversae
808 1141 897 1190 erant
917 1140 949 1189 et
969 1131 1095 1211 opposi-

14 1247 77 1304 ¹sae,
106 1229 308 1307 assignantur
326 1241 358 1292 et
379 1229 443 1293 suis
463 1227 663 1292 vindicantur
683 1231 871 1294 auctoribus.
913 1231 986 1294 Non
1011 1233 1094 1294 caim

14 1352 42 1390 ‚n
65 1329 202 1409 Epicuri
222 1331 324 1394 lsortis
347 1333 462 1414 passim
485 1343 517 1394 et
536 1343 653 1394 temere
675 1332 871 1394 lascivientes
893 1333 1094 1410 vagabantur,

14 1433 65 1497 sed
90 1435 184 1516 quasi
205 1437 264 1498 sub
285 1455 358 1514 rege
385 1433 551 1498 vivebant:
577 1433 610 1494 in
639 1434 764 1512 porticu
793 1453 870 1495 vero
891 1445 1039 1515 tanquam
1062 1435 1093 1496 io

14 1557 48 1598 ea
72 1536 229 1618 degebant
251 1559 286 1600 re
309 1537 448 1618 publica,
471 1555 551 1618 quae
573 1555 744 1616 pauconrm
767 1537 944 1616 principum
966 1537 1096 1598 consilio

14 1659 241 1721 nonnunquam
265 1639 481 1703 dissidentium
504 1637 644 1717 regitur,
665 1651 714 1715 et,
736 1637 821 1720 quod
843 1637 881 1700 de
904 1659 937 1702 se
961 1638 1096 1701 affirmat

14 1743 133 1805 Seneca
147 1741 185 1828 ¹),
207 1741 365 1806 interdum
384 1755 415 1806 et
431 1743 465 1804 in
485 1741 588 1802 aliena
609 1753 709 1804 cestra
730 1741 913 1820 transibant,
935 1759 998 1804 uon
1018 1754 1096 1804 tam·

14 1867 111 1928 quarn
141 1846 335 1924 transfugae,
367 1844 421 1907 sed
447 1855 605 1926 tamquam
633 1844 860 1924 exploratores.
914 1843 966 1908 Sic
992 1857 1095 1906 autem

14 1948 159 2030 loquitur
170 1947 286 2010 Seneca
299 1946 347 2031 2)ι
371 1951 450 2012 Puta
470 1967 520 2010 nos
540 1950 605 2010 aelle
624 1949 779 2024 singulares
796 1953 944 2010 sentartr'as
959 1969 995 2009 ea
1012 1949 1096 2010 turla

14 2073 172 2134 separare:
193 2057 242 2112 cur'
258 2055 320 2114 illas
340 2053 573 2128 adnknalimus?
593 2053 713 2123 Zenoni,
734 2071 773 2109 an
793 2050 930 2126 Cleanthi,
947 2071 987 2112 aa
1007 2052 1097 2132 Chrs-

14 2161 113 2238 sr'ppa,
143 2177 182 2218 an
203 2157 358 2229 Parcae,
386 2175 425 2214 an
445 2155 619 2216 Posidonia?
660 2155 725 2218 Non
745 2175 841 2213 sumas
861 2154 913 2214 snb
934 2173 1017 2231 rege:
1046 2155 1100 2213 atti

14 2264 134 2341 qttr'sqtte
160 2277 191 2318 se
214 2257 347 2316 uindicat.
390 2255 479 2336 Apud
506 2261 573 2318 istos
604 2256 743 2338 quidquid
769 2255 838 2316 dicte
864 2255 1045 2316 Hermarchus
1058 2251 1096 2336 ⁵),

15 2361 157 2446 qrn'dqar'd
180 2360 370 2432 Metrodorus,
390 2359 433 2419 ad
454 2381 539 2420 unum
556 2357 688 2438 refertur.
730 2359 833 2419 Omnia
854 2378 929 2438 quae
948 2363 1097 2440 quisquam

16 2471 47 2525 r’n
67 2465 111 2524 illo
132 2463 308 2523 comubernio
329 2462 437 2522 locotus
456 2471 507 2535 est,
528 2465 609 2520 unius
630 2461 719 2521 ducta
740 2471 767 2520 et
785 2463 916 2540 auspiciis
930 2461 1010 2522 dicta
1023 2473 1095 2521 stan.
1152 2443 1156 2468 ¹

17 2564 106 2627 ldem
120 2562 168 2644 4):
203 2565 248 2628 Ne
265 2574 346 2643 putes
366 2573 461 2624 autem
483 2581 528 2622 me
545 2567 667 2642 primum
688 2584 725 2623 ea
745 2565 860 2636 nastris,
881 2581 935 2622 non
955 2583 991 2623 ea
1009 2583 1097 2643 prae-

19 2675 123 2750 scripto
143 2669 235 2749 loqui,
256 2665 307 2726 sed
325 2685 407 2724 meae
426 2667 575 2724 sententiae
596 2685 671 2724 esse:
696 2667 766 2724 inter
786 2663 946 2724 Cleanthem
966 2675 994 2724 et
1014 2664 1098 2724 disci·
1181 2692 1184 2703 ·

19 2775 118 2856 palum
140 2775 198 2832 eius
218 2769 401 2849 Chrysippum
421 2785 476 2826 non
497 2769 626 2840 concerni,
648 2765 716 2846 quid
735 2767 771 2824 sit
791 2764 968 2826 ambulatio.'
996 2766 1099 2825 Clean·

21 2878 81 2936 stes
101 2877 159 2933 ar'tc
194 2873 328 2952 Spintum
349 2889 407 2930 esse
428 2889 448 2928 α
468 2869 620 2946 principali
642 2887 729 2948 usque
754 2871 783 2927 r'n
807 2867 894 2946 perles
918 2872 1098 2949 permissum:

24 2981 206 3059 Chrysippus,
235 2977 330 3054 ipsum
356 2972 520 3053 prmcipale.
571 2971 648 3050 Quid
676 2981 716 3030 est
743 2990 827 3046 erpo,
858 2991 910 3030 car
934 2991 988 3030 non
1014 2975 1099 3050 r'pnsr'ses

25 3081 168 3161 Chrysrppr'
186 3077 315 3157 exemplo
333 3075 387 3136 sili
406 3078 521 3155 peneque
541 3089 571 3132 se
592 3073 729 3136 ainana?
828 3119 830 3126 ,

28 3237 300 3254 —-——-—·=--—-⁴

97 3331 126 3395 t)
145 3327 227 3398 Epist.
248 3330 272 3380 2.
584 3327 614 3394 2)
635 3324 718 3398 Epist.
736 3325 778 3378 33.

96 3419 126 3487 3)
145 3415 220 3485 [Sine
245 3413 328 3468 dubio
355 3411 497 3484 legendam
522 3415 722 3468 Hermarchus,
748 3407 821 3483 quoti
847 3407 875 3461 in
900 3405 939 3459 etl.
964 3401 1099 3457 Matthiaei

30 3525 100 3561 nunc
117 3504 262 3576 repositum
281 3501 398 3555 invenio.
426 3494 560 3570 “tippulae
578 3503 650 3556 enim
678 3499 789 3552 minime
812 3495 876 3548 mihi
902 3489 1048 3564 persuadeo
1071 3499 1101 3544 ut

31 3595 157 3646 Graecam
177 3609 276 3644 nomen
297 3609 352 3643 esse
371 3587 495 3654 credam,
514 3599 606 3660 utpote
625 3590 699 3642 omni
719 3585 839 3657 analogia
860 3580 1022 3635 destitutum.
1059 3576 1102 3630 Cf.

32 3678 111 3735 Orell.
128 3679 159 3733 acl
178 3679 255 3732 Orat.
272 3679 305 3732 tle
323 3677 433 3748 harusp.
451 3695 569 3748 respons.
588 3680 632 3732 lo.
669 3679 759 3747 Atque
780 3668 941 3726 Hermarchi
957 3665 995 3718 itti
1018 3663 1102 3733 Mity·

34 3769 121 3822 lenaeo
138 3764 295 3836 philosopho
313 3785 413 3820 nornen
431 3765 520 3830 luisse,
542 3765 644 3818 dudum
663 3763 890 3816 demonstraverat
906 3750 1027 3804 Murrius
1044 3749 1102 3802 Vo-

35 3858 95 3910 lum.
112 3852 251 3907 llerculan.
270 3871 296 3922 p.
314 3857 342 3906 «l.
378 3851 431 3904 Sed
450 3852 511 3906 talia
530 3862 577 3906 aut
595 3859 789 3911 contemnunt,
807 3855 853 3898 aut
871 3835 1017 3894 occaecatis
1034 3854 1102 3888 ocu-

36 3945 65 3996 lis
89 3942 175 4014 legunt
198 3938 245 4012 qui
271 3938 349 3992 nobis
371 3938 451 3992 bodie
476 3936 658 4010 philosophiae
686 3934 811 4004 antiquae
835 3923 957 3982 historias
975 3923 1101 3976 condunt

37 4033 99 4085 Nam
122 4030 153 4083 acl
177 4045 262 4082 unum
288 4043 372 4096 paene
398 4044 492 4080 omnes
510 4024 691 4080 Hernmclsum
715 4038 767 4093 pro
785 4013 949 4072 llernsarelto
972 4011 1103 4080 eslrilsent,

38 4119 99 4171 alius
115 4116 191 4168 aliurn
210 4115 405 4184 exscriberem]

103 4207 132 4272 t)
148 4203 229 4276 Epist.
249 4206 311 4260 ttt.

752 4296 816 4358 36*
