2972 4836
515 369 552 392 ⁸*
595 365 711 410 null
748 381 792 395 -·

12 583 13 596 χ
102 523 220 586 nocue,
247 522 284 572 ut
305 509 503 587 Pletonicue,
527 531 591 574 uon
613 509 736 574 Stoimre
760 514 809 574 illi
831 514 973 578 videntur
994 516 1190 580 ille·Cornn-

12 629 14 668 t
104 625 175 687 tue,
209 632 306 693 quem
336 610 489 673 scobacus
516 612 660 691 edducit,
690 617 750 696 qni
777 617 868 680 totiee
895 619 1008 680 Proclo
1036 617 1191 696 laedente,

105 734 269 796 qunque
307 714 502 776 Pletonicum
533 715 661 776 buiuecc
693 717 769 777 libri
803 738 897 800 quem
932 717 1036 780 denuo
1069 719 1190 782 cdimoe

106 829 269 878 euctorcm
292 837 360 879 ecee
380 816 550 878 infeliciter
568 817 695 878 couiio't
717 827 852 900 eumque
874 840 956 896 cecc,
983 841 1076 902 quem
1097 823 1189 884 totiet

104 919 262 998 origene·
284 934 316 983 et
335 921 465 982 Proclue
486 919 600 980 imiteti
620 929 704 982 eunt.
748 905 839 996 Quod
857 934 903 983 eet
918 941 1046 1003 procerte
1062 924 1190 986 miscere

104 1024 262 1107 quadrete
284 1023 447 1100 retundit,
479 1035 509 1084 et
530 1024 581 1086 rel
603 1044 699 1085 unum
720 1024 947 1106 impedimento
968 1044 1035 1086 ecee
1056 1036 1190 1106 poteret,

104 1145 170 1207 quo
198 1127 308 1188 minoe
334 1137 419 1188 recte
448 1125 607 1187 Cornutus
636 1125 760 1188 Stoicus
786 1139 818 1188 et
840 1127 1017 1189 Stoicorum
1045 1125 1190 1205 dogmata

105 1247 272 1307 exponens
297 1230 337 1288 eb
359 1230 417 1290 illo
437 1229 682 1307 intelligeretur,
713 1251 731 1290 c
756 1250 822 1310 quo
843 1229 1022 1294 Platonicus
1042 1249 1109 1292 eeee
1131 1231 1190 1292 itu·

105 1330 221 1391 merito
244 1341 278 1391 et
300 1343 429 1410 praeter
445 1350 569 1393 omnem
583 1329 849 1412 exspectationem
864 1330 1057 1392 credebatur.
1098 1333 1190 1392 Hunc

105 1433 327 1511 germinum
345 1433 435 1494 Gelei
453 1453 592 1496 errorem
610 1435 655 1495 eic
671 1432 761 1495 docte
778 1431 895 1494 refellit
910 1432 1090 1494 Bruclterue
1103 1434 1139 1495 T.
1151 1434 1189 1494 11.

106 1557 136 1615 p.
148 1537 231 1597 539:
254 1553 342 1610 „non
366 1557 407 1598 ex
428 1535 497 1598 eliic
515 1537 650 1599 Cornuti
669 1535 772 1617 iieque
789 1533 974 1596 indubitatis
991 1534 1118 1614 ecriptie
1132 1535 1189 1598 eli·

103 1636 179 1720 quid
197 1649 348 1716 eriperent
365 1650 492 1718 praeter
511 1638 652 1700 libellum
675 1635 714 1698 de
736 1648 847 1700 nature
865 1635 997 1700 deorum
1014 1639 1071 1699 eub
1090 1639 1189 1698 Phor-

103 1741 172 1800 nuti
193 1740 327 1802 nornine
345 1740 451 1820 primo
471 1739 600 1823 quidem
621 1739 757 1817 editum,
777 1752 887 1820 poetee
907 1759 983 1803 cero
1004 1750 1087 1802 recte
1110 1738 1188 1802 Cor·

102 1853 180 1902 noto
203 1841 316 1904 Stoico
337 1841 539 1918 vindicemm,
560 1842 593 1902 in
615 1860 679 1923 quo
700 1841 892 1922 mythologie
913 1843 1048 1905 Greecoe
1064 1842 1187 1904 Stoicae

101 1943 332 2026 physiologiae,
353 1943 521 2022 ellegom'ee
545 1943 578 2004 in
599 1943 777 2005 Stoicorum
798 1944 912 2005 echolie
932 1956 1078 2024 rereptec
1091 1963 1188 2022 opere

101 2059 337 2129 attemperetur
358 2058 391 2108 ct
413 2046 570 2126 theologie
586 2045 692 2108 Stoice
708 2045 843 2122 elegenti
863 2056 1028 2106 coercetur
1044 2060 1189 2120 compen·

101 2148 189 2212 dio.”
240 2151 268 2211 E
290 2150 469 2231 Porphyrio
492 2167 619 2231 quoque
646 2145 823 2208 Cornutum
853 2145 959 2210 roeeri
987 2143 1101 2206 debere
1130 2145 1188 2206 hu·

103 2253 189 2314 iuece
211 2251 315 2314 libelli
334 2262 513 2329 euctorem,
534 2251 686 2331 probare,
708 2246 763 2310 eed
784 2249 969 2327 infeliciter,
992 2251 1036 2312 eie
1056 2261 1188 2310 conetur

106 2354 183 2415 Gele
205 2355 343 2415 Praefert.
371 2351 586 2434 „Porphyrius
609 2349 648 2413 de
670 2363 762 2414 entm
785 2354 996 2433 nympharum
1018 2351 1187 2433 profitetur

106 2475 139 2515 ec
166 2455 307 2518 libenter
333 2456 424 2538 ecqui
452 2456 627 2516 Cornutum
654 2455 688 2514 in
715 2455 873 2533 ellegoriie
902 2454 1089 2518 clicieudie²²
1138 2453 1189 2516 Ad

105 2577 187 2639 quee
209 2579 274 2620 ren
294 2555 399 2620 Goene
420 2558 454 2618 in
477 2555 656 2638 Porphyrio
677 2555 716 2618 de
737 2570 832 2620 entre
854 2560 987 2640 nymph.
1011 2579 1044 2637 p.
1066 2557 1106 2618 85
1132 2573 1189 2616 no·

106 2672 230 2720 urcem:
253 2659 350 2736 „Cum
371 2660 405 2720 in
426 2659 575 2720 emiterno
593 2659 652 2720 boc
671 2659 841 2743 Porphyrii
857 2661 941 2723 libro
961 2681 1001 2722 ne
1021 2677 1103 2720 uoue
1118 2657 1190 2739 qui·

106 2760 181 2823 dem
205 2764 293 2823 locut
313 2765 370 2840 eit,
396 2759 451 2821 ubi
473 2759 647 2823 Cornutum
671 2763 745 2825 citet
764 2763 975 2844 Porphyrion,
1003 2773 1034 2820 et
1056 2759 1090 2818 in
1111 2757 1189 2818 ecri-

107 2863 212 2925 bendo
239 2864 346 2927 Cronii
360 2863 390 2949 ¹¹)
411 2863 537 2924 nomine
559 2863 637 2926 editi
659 2865 752 2928 etiem
773 2884 882 2928 omnes
903 2861 1108 2937 convenient,
1130 2857 1187 2922 du·

108 2967 203 3027 bium.
223 2986 288 3028 non
317 2979 365 3029 eet
392 2968 470 3049 quin
498 2966 701 3030 elmilitudinc
731 2969 896 3049 utrimque
925 2967 1011 3029 vecie
1040 2965 1188 3042 deceptui

110 3067 239 3146 Geleue,
262 3067 437 3130 Cornutum
457 3087 499 3130 ee·
513 3065 687 3130 crediderit
703 3069 832 3144 legieee,
857 3067 912 3128 obi
934 3065 1085 3126 Cronium
1106 3065 1189 3141 lege·

110 3169 183 3230 ret-’¹
226 3167 291 3231 Sed
311 3169 417 3249 pergit
436 3168 470 3230 in
489 3165 599 3230 eodem
619 3185 727 3228 errore
748 3185 863 3246 porro:
885 3167 1003 3242 ,dmmo
1017 3187 1050 3245 p.
1063 3165 1128 3228 262
1148 3163 1187 3226 de

110 3283 210 3333 antro·
222 3271 434 3352 nympherum
455 3269 601 3333 cditiooie
617 3267 881 3348 Centobrigieneie
900 3270 943 3331 eic
965 3267 1082 3345 ecribit,
1104 3262 1188 3335 tideo

110 3373 282 3454 ἐπιθυμία
304 3375 371 3456 μὲν
392 3383 450 3432 etc.
494 3372 579 3434 Heec
593 3381 698 3432 eutero
715 3381 789 3434 eunt
805 3369 961 3452 ipeieeime
980 3372 1075 3434 verbe
1096 3367 1188 3432 lmine

111 3473 253 3552 Cornuti,
275 3471 537 3555 morcinctum
552 3471 676 3536 retine
693 3491 735 3536 ex
749 3471 819 3534 MS.
835 3471 912 3536 flod.
926 3473 960 3534 in
976 3494 1011 3534 n.
1022 3477 1054 3534 2.
1065 3491 1102 3552 p.
1117 3473 1188 3534 148.

110 3577 220 3642 Adbuc
241 3575 327 3640 idem
342 3575 538 3659 Porphyriue
557 3577 591 3638 iu
609 3575 691 3636 libro
710 3576 788 3658 περὶ
808 3567 1016 3657 ἀγαλμάτων
1036 3570 1189 3655 queedem

110 3681 290 3762 dieputnbet
312 3679 352 3744 de
373 3698 449 3742 uoce
472 3675 583 3756 Zedee
607 3697 643 3740 ee
666 3677 767 3742 beutit
790 3696 832 3740 ex
851 3673 987 3742 secundo
1008 3675 1108 3756 capite
1130 3677 1188 3736 hu·

111 3783 158 3846 iot
182 3785 313 3849 titrelttt‘
368 3785 440 3845 Ven
465 3783 586 3846 Goeue:
618 3779 721 3858 „Quid
743 3781 833 3862 ecqui
855 3801 901 3846 ex,
916 3781 975 3842 hee
994 3787 1189 3855 argumente·

114 3887 197 3950 tinne
219 3885 327 3968 poerit,
348 3907 411 3949 non
434 3882 541 3949 rideo:
563 3903 632 3946 erun
652 3893 739 3951 cetae
755 3880 844 3946 irtiue
859 3879 1013 3944 Pburnuti
1030 3877 1095 3939 eive
1111 3874 1188 3938 Cor·

112 4027 253 4036 uua-m...-

183 4117 208 4185 ”)
226 4118 280 4186 [lle
298 4117 351 4174 boc
368 4117 507 4171 Platonico
528 4113 684 4186 philosopho
704 4114 747 4167 edi
766 4111 871 4169 h'ebric.
886 4109 921 4164 ¹1⁸.
936 4109 955 4162 l.
975 4129 1001 4181 p.
1014 4112 1076 4166 tto.
1112 4109 1186 4164 Stob.

114 4205 168 4258 bct
187 4205 261 4278 pbyc.
280 4207 313 4260 T.
331 4207 363 4260 lt.
381 4225 407 4278 pr
420 4207 484 4261 896.
504 4203 593 4270 licen]
