2972 4836
520 357 795 402 -xxt-

107 523 222 566 mum
251 517 355 566 tamon
382 505 487 585 gnaris
514 506 597 570 baud
625 522 687 588 est,
718 509 796 574 duos
822 509 872 572 liic
894 509 1051 574 Cornutus
1078 514 1198 574 exscul-

109 606 221 687 pendi.
268 605 332 683 Qui
359 608 443 670 enim
474 609 506 673 in
534 609 658 675 dicendi
679 625 746 676 arte
775 614 820 676 its
849 614 1012 691 excelluit,
1044 626 1077 676 ot
1099 615 1197 676 libros

112 729 242 792 quoqne
264 711 440 774 rhetoricos
462 713 686 793 conscriberet,
718 727 750 776 ot
779 711 936 796 pungendi
962 715 1107 776 carminis
1129 715 1197 777 loli·

112 815 206 875 ritate
229 831 306 874 usus
326 825 373 875 est
388 814 429 898 *),
452 835 523 878 eom
544 817 577 878 in
599 818 798 896 grommetico
820 835 947 900 quoquc
971 827 1127 880 versatum
1149 838 1199 878 sc·

109 918 151 980 tis
171 917 273 979 fuisse
296 918 367 1000 quis
388 919 512 1002 estqui
533 918 655 983 dubitet
666 921 749 1005 ''lbi’‘
790 921 956 984 Praeterea
972 919 1085 982 Golcns
1103 921 1197 982 Proc-

111 1131 249 1204 periorem
267 1132 360 1188 locum
378 1136 411 1190 ad
431 1135 544 1192 Cornuti
565 1137 780 1194 Commentarios
793 1136 955 1210 Virgilianos
973 1136 1128 1191 referendos
1142 1137 1196 1190 exi-

109 1221 219 1290 stimat-1

184 1310 208 1376 ⁹)
227 1310 407 1383 [Tragoedias
423 1311 574 1370 Cornutum
592 1316 741 1389 scripsisse,
759 1311 919 1368 Welcherus
935 1312 1016 1384 Treg.
1036 1313 1084 1367 Gr.
1100 1313 1138 1367 Τ.’
1150 1313 1195 1368 lll.

113 1417 139 1469 p.
155 1401 241 1466 tut,
269 1401 315 1454 cui
335 1400 511 1473 adstipulatur
532 1402 638 1458 lahnius
655 1425 681 1476 p.
699 1421 763 1470 xxu,
792 1403 890 1458 docere
908 1401 994 1454 studet
1011 1421 1040 1453 ex
1060 1402 1099 1454 bis
1118 1402 1195 1456 Vitae

114 1485 193 1538 Persii
213 1487 302 1540 verbis
320 1507 335 1542 a
353 1487 482 1542 Martinio
506 1489 647 1562 neglectis:
674 1496 728 1544 Prr
748 1496 893 1543 Cornutum
911 1490 1034 1562 cognovit
1052 1491 1195 1542 Annaeum

114 1573 192 1624 etiarn
210 1578 370 1642 Lucanum,
394 1595 558 1650 aequaevum
577 1580 727 1632 auditorem
746 1577 866 1631 Cornuti.
904 1577 975 1628 Nom
996 1579 1129 1632 Cornutus
1147 1577 1195 1631 itto

114 1671 227 1730 tempore
245 1663 371 1734 tragicus
383 1663 457 1736 soit,
475 1675 563 1718 sectos
580 1667 694 1723 Stoicae,
713 1666 761 1737 qui
777 1665 858 1720 h'hros
874 1665 1060 1736 philosophiae
1076 1667 1195 1739 reliquit.

114 1747 165 1801 Etsi
181 1747 263 1802 etiem
283 1749 334 1803 hac
353 1750 379 1804 in
399 1762 474 1825 perte
491 1752 639 1807 litterarum
660 1751 811 1808 Cornutum
831 1753 897 1806 vires
913 1771 972 1806 suos
985 1743 1124 1824 expertum
1139 1773 1193 1808 ease

113 1853 160 1906 per
175 1855 205 1889 se
223 1835 297 1890 haud
316 1839 494 1911 improbabile
514 1852 567 1910 est,
587 1852 675 1894 tamen
699 1839 751 1895 hoc
775 1861 805 1894 cs
830 1839 880 1894 illis
898 1840 984 1894 uerbis
1002 1849 1075 1893 certo
1094 1840 1194 1913 colligi,

110 1923 223 1977 minime
240 1925 305 1978 mihi
322 1928 481 1996 persuadeo.
515 1929 553 1983 Ut
570 1930 642 1984 enim
661 1948 716 1983 non
737 1929 861 1983 obiiciam
880 1928 979 1980 mirum
998 1927 1096 1992 rideri,
1121 1927 1193 2000 quod

110 2009 279 2078 Cornutum,
297 2015 372 2068 cuius
390 2014 435 2070 hic
452 2017 644 2071 accuratiorem
660 2016 782 2070 notitiam
801 2015 914 2087 scriptor
931 2013 1054 2066 exhibere
1070 2015 1133 2078 nult,
1152 2015 1194 2066 in-

111 2109 158 2152 ter
175 2099 264 2170 primu
283 2101 336 2154 eins
350 2109 469 2158 muners'
483 2123 515 2159 ac
532 2105 639 2159 virtutes
658 2103 793 2174 tragicum
812 2101 890 2154 luisse
909 2100 1037 2165 exhibeat,
1057 2099 1129 2170 quod
1145 2099 1194 2153 isto

109 2197 223 2258 excepto
236 2207 316 2242 nemo
332 2193 462 2246 memorie
479 2192 605 2264 prodidit,
625 2191 718 2244 ceteris
736 2189 869 2256 omnibus,
889 2188 935 2261 qui
955 2188 1010 2242 eius
1029 2187 1193 2240 mentionem

110 2275 241 2343 lecerunt,
260 2277 366 2332 laudern
386 2279 568 2354 philosophiae
587 2279 827 2352 praevertentihoss
845 2278 991 2351 gravissimi
1010 2276 1112 2329 ridetur
1128 2276 1192 2330 mibi

110 2365 239 2418 momenti
259 2383 324 2433 esse,
343 2367 415 2438 quod
433 2367 557 2422 Lucanus
576 2367 670 2421 eodem
688 2378 811 2440 tempore
829 2385 890 2422 cnm
908 2365 999 2420 Persio
1015 2363 1128 2418 Cornuti
1142 2383 1192 2418 au·

109 2449 180 2504 ditor
200 2452 283 2506 luisse
301 2454 422 2508 truditur.
462 2455 534 2508 Num
551 2454 685 2509 recitantis
704 2455 854 2527 tragoedias
871 2473 946 2521 suos,
972 2453 1010 2506 vel
1029 2453 1092 2506 artis
1107 2452 1191 2523 tragi-

108 2557 156 2592 cae
174 2553 321 2614 praecepta
339 2542 487 2596 tradentis?
510 2543 594 2596 immo
612 2539 808 2616 philosophiae,
827 2554 855 2596 ut
874 2541 963 2616 paullo
982 2559 1061 2611 supra
1081 2539 1191 2611 legiture

108 2647 125 2678 o
144 2647 199 2700 pon
217 2629 392 2683 introductos
410 2631 584 2702 aliquatenus
608 2632 636 2683 in
657 2630 854 2700 philosophiam
874 2641 925 2685 cst.
968 2627 1121 2682 Necessario
1140 2625 1194 2698 igi·

109 2725 152 2768 tur
176 2715 260 2769 etiam
285 2719 430 2788 posteriore
454 2717 532 2772 Vitae
556 2717 617 2772 loco
641 2719 674 2772 de
695 2717 860 2791 philosophia
884 2717 1027 2790 praecipue
1044 2717 1086 2786 egi
1106 2715 1193 2767 existi·

107 2802 255 2868 mansium,
283 2805 319 2858 ita
342 2816 373 2860 ut
396 2805 618 2859 commemoratio
643 2807 743 2877 tragici
762 2805 875 2859 Cornuti
894 2806 928 2858 nb
951 2804 1003 2855 boc
1027 2801 1087 2855 loco
1111 2800 1192 2873 plone

107 2890 195 2944 aliena
213 2891 305 2946 luerit.
342 2892 449 2961 Quare,
468 2894 497 2946 ni
516 2904 610 2947 auctor
630 2893 696 2946 sitne
712 2891 791 2965 plene
810 2891 929 2962 ineptiit,
949 2889 1037 2961 potius
1052 2889 1085 2942 de
1099 2907 1192 2942 emen·

106 2977 199 3030 danda
217 2996 297 3049 quom
316 2980 469 3052 explicanda
489 2998 554 3034 soce
571 2980 694 3052 tragicos
711 2976 980 3049 circumspiciendum
1001 2975 1123 3042 ridetur]

170 3065 208 3130 “l
226 3066 280 3133 [De
298 3067 376 3122 seriis
395 3065 508 3122 Cornuti
527 3067 632 3139 scriptis
657 3064 690 3118 ad
715 3075 799 3118 ortem
819 3063 978 3116 rhetoricum
998 3061 1192 3133 pertinentibus

108 3173 131 3206 r.
148 3151 308 3208 Martinium
333 3175 361 3226 p.
378 3156 412 3208 tt
430 3173 484 3227 seq.
520 3153 598 3222 Qose
621 3151 657 3206 ihi
684 3169 713 3204 ets
735 3149 786 3203 illis
811 3149 979 3216 asseruntur,
1005 3148 1096 3219 augeri
1119 3167 1192 3202 nunc

107 3240 147 3294 bis
164 3254 288 3314 possunt.
324 3243 367 3296 Dc
384 3241 545 3314 amphibolia
564 3239 677 3295 silentur
698 3237 813 3292 Cornuti
837 3237 965 3291 sententis
991 3237 1025 3290 ab
1045 3237 1191 3311 hnonymo

107 3334 136 3385 in
152 3333 255 3386 Waleii
280 3333 356 3387 llhet.
374 3331 423 3386 Gr.
442 3331 475 3385 T.
494 3333 539 3386 lV.
550 3399 552 3406 Ι
564 3353 592 3403 p.
610 3329 677 3386 2⁹8:
705 3329 754 3382 δύο
772 3321 837 3382 ehem
854 3329 880 3380 ir
897 3339 957 3386 ταῖς
974 3327 1093 3380 στάσεσιν
1111 3324 1192 3390 ἄμφι-

107 3422 214 3486 tlohs'cre·
242 3417 292 3491 τήν
310 3424 356 3484 pir
373 3425 432 3493 rupi
447 3416 529 3490 (iperi,
548 3417 597 3490 τήν
614 3415 720 3488 sopistis
741 3415 915 3483 ἀμφιβολίαν,
933 3410 981 3485 rrp'r
996 3417 1027 3468 dl
1044 3419 1103 3482 nepl
1121 3411 1190 3485 πρά-

105 3529 205 3576 γματα,
224 3508 275 3579 τήν
292 3507 473 3580 στσχαστιιὴσ·
493 3513 585 3579 πρῶτα
603 3509 632 3560 dl
651 3501 716 3558 einos
732 3501 768 3557 rei
786 3502 855 3576 pprni
872 3507 925 3557 eois
943 3499 1111 3574 πραγμάτων.
1147 3501 1191 3556 Si-

107 3595 220 3650 millima
240 3615 270 3650 ex
289 3595 413 3650 Cornuto
431 3595 512 3650 relect
529 3594 598 3648 elius
615 3592 706 3646 rhetor
724 3589 789 3646 ibid.
806 3591 841 3644 T.
859 3589 905 3645 lV.
925 3611 952 3663 p.
971 3593 1037 3658 843,
1067 3591 1138 3644 uode
1155 3589 1191 3643 si-

107 3685 164 3737 mol
183 3685 258 3757 quod
276 3683 392 3756 πρότερα
411 3703 461 3757 pro
479 3685 571 3755 πρᾶτα
589 3679 732 3753 legendum
752 3699 807 3735 esse
824 3680 1075 3752 coniicio,.egregie
1090 3678 1192 3734 conhr-

108 3784 205 3830 matur.
243 3773 318 3827 Alius
334 3773 434 3827 ibidem
457 3773 489 3826 T.
506 3773 540 3826 V.
566 3791 593 3844 p.
611 3774 676 3826 ,Ἧι
704 3775 737 3821 Τι’
754 3773 810 3822 hors
826 3771 877 3838 τῆς
893 3771 1032 3838 ῥητορικῆς
1050 3764 1066 3835 ἠ
1085 3767 1188 3826 στάσις,-

108 3871 151 3919 enl
170 3869 282 3932 λίγσμσν,
301 3859 343 3918 ‘iss
362 3867 521 3934 ooptlhipm
538 3867 575 3933 τῷ
595 3863 661 3930 hipp
681 3863 719 3930 τῷ
737 3861 866 3932 ῥητορικῷ
884 3853 900 3926 ἡ
918 3851 1019 3918 στάσις,
1046 3857 1090 3904 καὶ
1108 3847 1190 3903 deiso-

108 3977 154 4018 μιν
176 3955 229 4022 ἴχσι
252 3948 461 4022 συμβσβρκῦτσς,
489 3948 589 4021 ταύτης
615 3953 644 4004 tt
670 3951 718 4019 τῆς
742 3949 819 4017 δόξης
844 3950 888 3998 καὶ
904 3937 1050 3997 Λσλὶιασός
1067 3941 1122 3991 ἔστι
1146 3945 1191 3992 eoi

109 4045 268 4114 Κοριοιῖτσς.
306 4041 349 4094 De
367 4041 442 4093 sidcis
460 4039 512 4093 sive
531 4056 660 4110 generum
680 4055 811 4100 numero,
836 4049 916 4104 quem
937 4027 1073 4082 Cornutus
1091 4039 1189 4084 stutue-

110 4129 155 4196 rit,
173 4129 322 4202 disputatur
339 4147 354 4182 a
374 4126 462 4182 Sebol.
477 4127 505 4180 in
522 4124 705 4198 hpbtbonium
725 4141 769 4194 ap.
782 4115 899 4190 Spengel
912 4117 969 4170 hrt.
985 4115 1074 4190 script.
1091 4137 1116 4189 p.
1129 4121 1191 4172 2²⁵.

109 4227 134 4271 et
159 4217 185 4272 in
213 4217 313 4272 Walaii
339 4216 414 4271 libet.
438 4215 487 4270 Gr.
512 4213 545 4268 T.
562 4213 593 4268 ll.
617 4233 643 4285 p.
661 4213 724 4266 631.
759 4209 860 4261 Rursus
878 4205 943 4260 nlius
960 4203 1080 4260 incertus
1096 4216 1190 4260 auctor
