<?xml version="1.0" encoding="UTF-8"?>
<!DOCTYPE html PUBLIC "-//W3C//DTD XHTML 1.0 Transitional//EN"
    "http://www.w3.org/TR/xhtml1/DTD/xhtml1-transitional.dtd">
<html xmlns="http://www.w3.org/1999/xhtml" xml:lang="en" lang="en">
 <head>
  <title>
</title>
<meta http-equiv="Content-Type" content="text/html;charset=utf-8" />
  <meta name='ocr-system' content='tesseract 3.04.00' />
  <meta name='ocr-capabilities' content='ocr_page ocr_carea ocr_par ocr_line ocrx_word'/>
</head>
<body>
  <div class='ocr_page' id='page_1' title='image "./denaturadeorum00corngoog_0024.png"; bbox 0 0 2972 4836; ppageno 0'>
   <div class='ocr_carea' id='block_1_1' title="bbox 385 1131 904 1408">
    <p class='ocr_par' dir='ltr' id='par_1_1' title="bbox 385 1131 904 1408">
     <span class='ocr_line' id='line_1_1' title="bbox 469 1131 772 1210; baseline 0 -2"><span class='ocrx_word' id='word_1_1' title='bbox 469 1131 772 1210; x_wconf 74' lang='lat' dir='ltr'><strong>vunonem</strong></span> 
     </span>
     <span class='ocr_line' id='line_1_2' title="bbox 385 1287 904 1408; baseline 0.015 -38"><span class='ocrx_word' id='word_1_2' title='bbox 385 1287 904 1408; x_wconf 78' lang='lat' dir='ltr'><strong>PROLEGOMENA*).</strong></span> 
     </span>
    </p>
   </div>
   <div class='ocr_carea' id='block_1_2' title="bbox 103 1483 1184 1840">
    <p class='ocr_par' dir='ltr' id='par_1_2' title="bbox 103 1483 1184 1840">
     <span class='ocr_line' id='line_1_3' title="bbox 104 1483 1183 1637; baseline 0.013 -34"><span class='ocrx_word' id='word_1_3' title='bbox 104 1483 310 1616; x_wconf 84' lang='lat' dir='ltr'><strong>Bruokerue</strong></span> <span class='ocrx_word' id='word_1_4' title='bbox 343 1543 424 1606; x_wconf 86' lang='lat' dir='ltr'><strong>Hiat.</strong></span> <span class='ocrx_word' id='word_1_5' title='bbox 455 1546 524 1608; x_wconf 90' lang='lat' dir='ltr'><strong>crit.</strong></span> <span class='ocrx_word' id='word_1_6' title='bbox 554 1550 735 1632; x_wconf 72' lang='lat' dir='ltr'><strong>philosoph.</strong></span> <span class='ocrx_word' id='word_1_7' title='bbox 765 1553 802 1614; x_wconf 91' lang='lat' dir='ltr'><strong>T.</strong></span> <span class='ocrx_word' id='word_1_8' title='bbox 824 1554 860 1614; x_wconf 92' lang='lat' dir='ltr'><strong>ll.</strong></span> <span class='ocrx_word' id='word_1_9' title='bbox 893 1575 924 1633; x_wconf 90' lang='lat' dir='ltr'><strong>p.</strong></span> <span class='ocrx_word' id='word_1_10' title='bbox 948 1555 1010 1616; x_wconf 79' lang='lat'><strong>537</strong></span> <span class='ocrx_word' id='word_1_11' title='bbox 1032 1573 1097 1636; x_wconf 88' lang='lat' dir='ltr'><strong>seq.</strong></span> <span class='ocrx_word' id='word_1_12' title='bbox 1130 1555 1183 1637; x_wconf 89' lang='lat' dir='ltr'><strong>[de</strong></span> 
     </span>
     <span class='ocr_line' id='line_1_4' title="bbox 104 1642 1184 1734; baseline 0.015 -28"><span class='ocrx_word' id='word_1_13' title='bbox 104 1642 275 1726; x_wconf 82' lang='lat' dir='ltr'><strong>CornutoJ:</strong></span> <span class='ocrx_word' id='word_1_14' title='bbox 303 1645 389 1724; x_wconf 81' lang='lat' dir='ltr'><strong>„sun</strong></span> <span class='ocrx_word' id='word_1_15' title='bbox 410 1646 537 1710; x_wconf 78' lang='lat' dir='ltr'><strong>Nerone</strong></span> <span class='ocrx_word' id='word_1_16' title='bbox 560 1651 644 1714; x_wconf 74' lang='lat' dir='ltr'><strong>vixit</strong></span> <span class='ocrx_word' id='word_1_17' title='bbox 663 1653 798 1731; x_wconf 86' lang='lat' dir='ltr'><strong>Romae,</strong></span> <span class='ocrx_word' id='word_1_18' title='bbox 819 1651 901 1716; x_wconf 85' lang='lat' dir='ltr'><strong>hand</strong></span> <span class='ocrx_word' id='word_1_19' title='bbox 924 1654 1060 1734; x_wconf 82' lang='lat' dir='ltr'><strong>ignobile</strong></span> <span class='ocrx_word' id='word_1_20' title='bbox 1082 1657 1115 1718; x_wconf 93' lang='lat' dir='ltr'><strong>in</strong></span> <span class='ocrx_word' id='word_1_21' title='bbox 1139 1659 1184 1722; x_wconf 86' lang='lat' dir='ltr'><strong>ia·</strong></span> 
     </span>
     <span class='ocr_line' id='line_1_5' title="bbox 103 1746 1182 1840; baseline 0.015 -34"><span class='ocrx_word' id='word_1_22' title='bbox 103 1747 189 1806; x_wconf 88' lang='lat' dir='ltr'><strong>milia</strong></span> <span class='ocrx_word' id='word_1_23' title='bbox 210 1746 316 1811; x_wconf 83' lang='lat' dir='ltr'><strong>Stoica</strong></span> <span class='ocrx_word' id='word_1_24' title='bbox 338 1768 463 1812; x_wconf 87' lang='lat' dir='ltr'><strong>nomen.</strong></span> <span class='ocrx_word' id='word_1_25' title='bbox 505 1751 578 1813; x_wconf 83' lang='lat' dir='ltr'>Fuit</span> <span class='ocrx_word' id='word_1_26' title='bbox 606 1752 633 1814; x_wconf 87' lang='lat' dir='ltr'><strong>is</strong></span> <span class='ocrx_word' id='word_1_27' title='bbox 661 1753 846 1835; x_wconf 87' lang='lat' dir='ltr'><strong>Leptitanus</strong></span> <span class='ocrx_word' id='word_1_28' title='bbox 874 1755 1030 1840; x_wconf 79' lang='lat' dir='ltr'><strong>Aler**)‚</strong></span> <span class='ocrx_word' id='word_1_29' title='bbox 1059 1771 1091 1820; x_wconf 86' lang='lat' dir='ltr'><strong>et</strong></span> <span class='ocrx_word' id='word_1_30' title='bbox 1118 1778 1182 1822; x_wconf 90' lang='lat' dir='ltr'><strong>non</strong></span> 
     </span>
    </p>
   </div>
   <div class='ocr_carea' id='block_1_3' title="bbox 101 1961 1184 2741">
    <p class='ocr_par' dir='ltr' id='par_1_3' title="bbox 102 1961 1184 2295">
     <span class='ocr_line' id='line_1_6' title="bbox 173 1961 1180 2042; baseline 0.012 -27"><span class='ocrx_word' id='word_1_31' title='bbox 173 1961 199 2028; x_wconf 82' lang='lat'><strong>⁸)</strong></span> <span class='ocrx_word' id='word_1_32' title='bbox 219 1961 366 2030; x_wconf 87' lang='lat' dir='ltr'><strong>[Omnibus</strong></span> <span class='ocrx_word' id='word_1_33' title='bbox 391 1966 431 2022; x_wconf 88' lang='lat' dir='ltr'><strong>his</strong></span> <span class='ocrx_word' id='word_1_34' title='bbox 455 1969 508 2022; x_wconf 88' lang='lat' dir='ltr'><strong>iam</strong></span> <span class='ocrx_word' id='word_1_35' title='bbox 535 1970 611 2041; x_wconf 89' lang='lat' dir='ltr'><strong>prelo</strong></span> <span class='ocrx_word' id='word_1_36' title='bbox 636 1972 734 2042; x_wconf 88' lang='lat' dir='ltr'><strong>paratis</strong></span> <span class='ocrx_word' id='word_1_37' title='bbox 759 1973 786 2024; x_wconf 92' lang='lat' dir='ltr'><strong>in</strong></span> <span class='ocrx_word' id='word_1_38' title='bbox 811 1989 906 2026; x_wconf 89' lang='lat' dir='ltr'><strong>manns</strong></span> <span class='ocrx_word' id='word_1_39' title='bbox 932 1973 1001 2026; x_wconf 83' lang='lat' dir='ltr'><strong>venit</strong></span> <span class='ocrx_word' id='word_1_40' title='bbox 1019 1974 1124 2028; x_wconf 87' lang='lat' dir='ltr'><strong>Persius</strong></span> <span class='ocrx_word' id='word_1_41' title='bbox 1147 1976 1180 2027; x_wconf 78' lang='lat' dir='ltr'><strong>als</strong></span> 
     </span>
     <span class='ocr_line' id='line_1_7' title="bbox 102 2045 1183 2132; baseline 0.014 -33"><span class='ocrx_word' id='word_1_42' title='bbox 102 2045 216 2101; x_wconf 84' lang='lat' dir='ltr'><strong>Othone</strong></span> <span class='ocrx_word' id='word_1_43' title='bbox 233 2048 295 2102; x_wconf 90' lang='lat' dir='ltr'><strong>lahn</strong></span> <span class='ocrx_word' id='word_1_44' title='bbox 313 2051 447 2126; x_wconf 70' lang='lat' dir='ltr'><strong>vulgatus:</strong></span> <span class='ocrx_word' id='word_1_45' title='bbox 472 2075 526 2127; x_wconf 90' lang='lat' dir='ltr'><strong>quo</strong></span> <span class='ocrx_word' id='word_1_46' title='bbox 545 2075 631 2128; x_wconf 90' lang='lat' dir='ltr'><strong>quum</strong></span> <span class='ocrx_word' id='word_1_47' title='bbox 650 2058 733 2111; x_wconf 88' lang='lat' dir='ltr'><strong>multa</strong></span> <span class='ocrx_word' id='word_1_48' title='bbox 757 2059 790 2112; x_wconf 92' lang='lat' dir='ltr'><strong>de</strong></span> <span class='ocrx_word' id='word_1_49' title='bbox 808 2057 932 2112; x_wconf 89' lang='lat' dir='ltr'><strong>Cornuto</strong></span> <span class='ocrx_word' id='word_1_50' title='bbox 958 2071 984 2112; x_wconf 89' lang='lat' dir='ltr'><strong>et</strong></span> <span class='ocrx_word' id='word_1_51' title='bbox 1005 2071 1082 2112; x_wconf 87' lang='lat' dir='ltr'><strong>acute</strong></span> <span class='ocrx_word' id='word_1_52' title='bbox 1100 2081 1183 2132; x_wconf 80' lang='lat' dir='ltr'><strong>expo·</strong></span> 
     </span>
     <span class='ocr_line' id='line_1_8' title="bbox 102 2134 1184 2219; baseline 0.017 -34"><span class='ocrx_word' id='word_1_53' title='bbox 102 2134 151 2187; x_wconf 88' lang='lat' dir='ltr'><strong>sita</strong></span> <span class='ocrx_word' id='word_1_54' title='bbox 170 2135 233 2202; x_wconf 83' lang='lat' dir='ltr'><strong>sint,</strong></span> <span class='ocrx_word' id='word_1_55' title='bbox 252 2155 343 2192; x_wconf 88' lang='lat' dir='ltr'><strong>eorum</strong></span> <span class='ocrx_word' id='word_1_56' title='bbox 361 2142 416 2195; x_wconf 89' lang='lat' dir='ltr'><strong>suis</strong></span> <span class='ocrx_word' id='word_1_57' title='bbox 434 2141 507 2210; x_wconf 88' lang='lat' dir='ltr'><strong>locis,</strong></span> <span class='ocrx_word' id='word_1_58' title='bbox 526 2156 656 2218; x_wconf 87' lang='lat' dir='ltr'><strong>quantum</strong></span> <span class='ocrx_word' id='word_1_59' title='bbox 675 2145 732 2199; x_wconf 81' lang='lat' dir='ltr'><strong>fieri</strong></span> <span class='ocrx_word' id='word_1_60' title='bbox 751 2157 864 2218; x_wconf 87' lang='lat' dir='ltr'><strong>poterat,</strong></span> <span class='ocrx_word' id='word_1_61' title='bbox 885 2147 952 2201; x_wconf 89' lang='lat' dir='ltr'><strong>ratio</strong></span> <span class='ocrx_word' id='word_1_62' title='bbox 970 2167 984 2199; x_wconf 90' lang='lat' dir='ltr'><strong>a</strong></span> <span class='ocrx_word' id='word_1_63' title='bbox 1007 2165 1050 2200; x_wconf 86' lang='lat' dir='ltr'><strong>me</strong></span> <span class='ocrx_word' id='word_1_64' title='bbox 1068 2147 1184 2219; x_wconf 85' lang='lat' dir='ltr'><strong>diligen-</strong></span> 
     </span>
     <span class='ocr_line' id='line_1_9' title="bbox 104 2223 330 2295; baseline 0.027 -22"><span class='ocrx_word' id='word_1_65' title='bbox 104 2231 143 2274; x_wconf 85' lang='lat' dir='ltr'><strong>ter</strong></span> <span class='ocrx_word' id='word_1_66' title='bbox 160 2223 252 2276; x_wconf 85' lang='lat' dir='ltr'><strong>hahita</strong></span> <span class='ocrx_word' id='word_1_67' title='bbox 271 2227 330 2295; x_wconf 87' lang='lat' dir='ltr'><strong>est.]</strong></span> 
     </span>
    </p>

    <p class='ocr_par' dir='ltr' id='par_1_4' title="bbox 101 2311 1182 2741">
     <span class='ocr_line' id='line_1_10' title="bbox 162 2311 1182 2394; baseline 0.011 -29"><span class='ocrx_word' id='word_1_68' title='bbox 162 2311 200 2380; x_wconf 78' lang='lat'><strong>&#39;‘)</strong></span> <span class='ocrx_word' id='word_1_69' title='bbox 218 2312 273 2380; x_wconf 86' lang='lat' dir='ltr'><strong>[De</strong></span> <span class='ocrx_word' id='word_1_70' title='bbox 291 2316 376 2386; x_wconf 86' lang='lat' dir='ltr'><strong>patria</strong></span> <span class='ocrx_word' id='word_1_71' title='bbox 395 2315 483 2389; x_wconf 87' lang='lat' dir='ltr'><strong>deque</strong></span> <span class='ocrx_word' id='word_1_72' title='bbox 499 2319 532 2373; x_wconf 86' lang='lat' dir='ltr'><strong>iis</strong></span> <span class='ocrx_word' id='word_1_73' title='bbox 551 2339 620 2392; x_wconf 87' lang='lat' dir='ltr'><strong>quae</strong></span> <span class='ocrx_word' id='word_1_74' title='bbox 639 2319 761 2376; x_wconf 89' lang='lat' dir='ltr'><strong>Cornuto</strong></span> <span class='ocrx_word' id='word_1_75' title='bbox 783 2321 941 2376; x_wconf 83' lang='lat' dir='ltr'><strong>acciderunt</strong></span> <span class='ocrx_word' id='word_1_76' title='bbox 963 2331 1087 2376; x_wconf 84' lang='lat' dir='ltr'><strong>accurate</strong></span> <span class='ocrx_word' id='word_1_77' title='bbox 1113 2341 1182 2394; x_wconf 88' lang='lat' dir='ltr'><strong>quae</strong></span> 
     </span>
     <span class='ocr_line' id='line_1_11' title="bbox 103 2397 1182 2480; baseline 0.012 -29"><span class='ocrx_word' id='word_1_78' title='bbox 103 2397 180 2454; x_wconf 87' lang='lat' dir='ltr'><strong>hodie</strong></span> <span class='ocrx_word' id='word_1_79' title='bbox 199 2400 262 2454; x_wconf 85' lang='lat' dir='ltr'><strong>sciri</strong></span> <span class='ocrx_word' id='word_1_80' title='bbox 281 2415 391 2474; x_wconf 87' lang='lat' dir='ltr'><strong>possunt</strong></span> <span class='ocrx_word' id='word_1_81' title='bbox 414 2408 534 2478; x_wconf 72' lang='lat' dir='ltr'><strong>exposuit</strong></span> <span class='ocrx_word' id='word_1_82' title='bbox 552 2407 693 2463; x_wconf 86' lang='lat' dir='ltr'><strong>Martinius</strong></span> <span class='ocrx_word' id='word_1_83' title='bbox 717 2410 734 2464; x_wconf 91' lang='lat' dir='ltr'><strong>l.</strong></span> <span class='ocrx_word' id='word_1_84' title='bbox 751 2429 774 2464; x_wconf 87' lang='lat' dir='ltr'><strong>c.</strong></span> <span class='ocrx_word' id='word_1_85' title='bbox 796 2407 820 2480; x_wconf 66' lang='lat'><strong>§-</strong></span> <span class='ocrx_word' id='word_1_86' title='bbox 838 2415 864 2464; x_wconf 77' lang='grc'><strong>4.</strong></span> <span class='ocrx_word' id='word_1_87' title='bbox 900 2407 1014 2463; x_wconf 86' lang='lat' dir='ltr'><strong>Cornuti</strong></span> <span class='ocrx_word' id='word_1_88' title='bbox 1032 2407 1182 2480; x_wconf 77' lang='lat' dir='ltr'><strong>philosophi</strong></span> 
     </span>
     <span class='ocr_line' id='line_1_12' title="bbox 103 2487 1182 2568; baseline 0.008 -28"><span class='ocrx_word' id='word_1_89' title='bbox 103 2487 179 2542; x_wconf 82' lang='lat' dir='ltr'><strong>sitam</strong></span> <span class='ocrx_word' id='word_1_90' title='bbox 198 2492 344 2562; x_wconf 69' lang='lat' dir='ltr'><strong>scripserat</strong></span> <span class='ocrx_word' id='word_1_91' title='bbox 362 2491 498 2564; x_wconf 76' lang='lat' dir='ltr'><strong>Diogenes</strong></span> <span class='ocrx_word' id='word_1_92' title='bbox 516 2496 635 2552; x_wconf 86' lang='lat' dir='ltr'><strong>Laertius</strong></span> <span class='ocrx_word' id='word_1_93' title='bbox 653 2515 727 2551; x_wconf 88' lang='lat' dir='ltr'><strong>nunc</strong></span> <span class='ocrx_word' id='word_1_94' title='bbox 745 2497 926 2568; x_wconf 88' lang='lat' dir='ltr'><strong>deperditam,</strong></span> <span class='ocrx_word' id='word_1_95' title='bbox 953 2496 974 2548; x_wconf 85' lang='lat' dir='ltr'><strong>si</strong></span> <span class='ocrx_word' id='word_1_96' title='bbox 995 2495 1103 2567; x_wconf 86' lang='lat' dir='ltr'><strong>quidem</strong></span> <span class='ocrx_word' id='word_1_97' title='bbox 1121 2495 1182 2549; x_wconf 87' lang='lat' dir='ltr'><strong>Sal·</strong></span> 
     </span>
     <span class='ocr_line' id='line_1_13' title="bbox 101 2578 1182 2657; baseline 0.007 -29"><span class='ocrx_word' id='word_1_98' title='bbox 101 2578 202 2644; x_wconf 73' lang='grc' dir='ltr'><strong>ποιοῖο,</strong></span> <span class='ocrx_word' id='word_1_99' title='bbox 226 2597 308 2649; x_wconf 86' lang='lat' dir='ltr'><strong>quem</strong></span> <span class='ocrx_word' id='word_1_100' title='bbox 326 2579 397 2635; x_wconf 89' lang='lat' dir='ltr'><strong>hanc</strong></span> <span class='ocrx_word' id='word_1_101' title='bbox 414 2582 442 2634; x_wconf 90' lang='lat' dir='ltr'><strong>in</strong></span> <span class='ocrx_word' id='word_1_102' title='bbox 461 2601 519 2635; x_wconf 92' lang='lat' dir='ltr'><strong>rem</strong></span> <span class='ocrx_word' id='word_1_103' title='bbox 539 2582 629 2638; x_wconf 88' lang='lat' dir='ltr'><strong>laudat</strong></span> <span class='ocrx_word' id='word_1_104' title='bbox 647 2583 789 2638; x_wconf 84' lang='lat' dir='ltr'><strong>Martinius</strong></span> <span class='ocrx_word' id='word_1_105' title='bbox 806 2587 865 2657; x_wconf 66' lang='lat' dir='ltr'><strong>ps</strong></span> <span class='ocrx_word' id='word_1_106' title='bbox 891 2581 1116 2654; x_wconf 77' lang='lat' dir='ltr'><strong>etlahnp.v1n,</strong></span> <span class='ocrx_word' id='word_1_107' title='bbox 1142 2583 1182 2637; x_wconf 81' lang='lat' dir='ltr'><strong>sel</strong></span> 
     </span>
     <span class='ocr_line' id='line_1_14' title="bbox 101 2667 1182 2741; baseline 0.004 -22"><span class='ocrx_word' id='word_1_108' title='bbox 101 2667 187 2720; x_wconf 90' lang='lat' dir='ltr'><strong>codici</strong></span> <span class='ocrx_word' id='word_1_109' title='bbox 208 2667 297 2738; x_wconf 87' lang='lat' dir='ltr'><strong>potius</strong></span> <span class='ocrx_word' id='word_1_110' title='bbox 316 2668 368 2735; x_wconf 91' lang='lat' dir='ltr'><strong>illi,</strong></span> <span class='ocrx_word' id='word_1_111' title='bbox 387 2687 443 2740; x_wconf 92' lang='lat' dir='ltr'><strong>quo</strong></span> <span class='ocrx_word' id='word_1_112' title='bbox 462 2669 556 2723; x_wconf 85' lang='lat' dir='ltr'><strong>nititur</strong></span> <span class='ocrx_word' id='word_1_113' title='bbox 573 2669 732 2738; x_wconf 80' lang='lat' dir='ltr'><strong>Salmasius,</strong></span> <span class='ocrx_word' id='word_1_114' title='bbox 750 2670 816 2723; x_wconf 82' lang='lat' dir='ltr'><strong>fides</strong></span> <span class='ocrx_word' id='word_1_115' title='bbox 833 2669 953 2724; x_wconf 89' lang='lat' dir='ltr'><strong>habenda</strong></span> <span class='ocrx_word' id='word_1_116' title='bbox 972 2681 1024 2723; x_wconf 86' lang='lat' dir='ltr'><strong>est:</strong></span> <span class='ocrx_word' id='word_1_117' title='bbox 1052 2689 1121 2741; x_wconf 88' lang='lat' dir='ltr'><strong>quae</strong></span> <span class='ocrx_word' id='word_1_118' title='bbox 1140 2687 1182 2724; x_wconf 87' lang='lat' dir='ltr'><strong>res</strong></span> 
     </span>
    </p>
   </div>
   <div class='ocr_carea' id='block_1_4' title="bbox 100 2753 1281 2830">
    <p class='ocr_par' dir='ltr' id='par_1_5' title="bbox 100 2753 1281 2830">
     <span class='ocr_line' id='line_1_15' title="bbox 100 2753 1281 2830; baseline 0.002 -25"><span class='ocrx_word' id='word_1_119' title='bbox 100 2753 201 2806; x_wconf 81' lang='lat' dir='ltr'><strong>altioris</strong></span> <span class='ocrx_word' id='word_1_120' title='bbox 219 2754 352 2826; x_wconf 72' lang='lat' dir='ltr'><strong>indaginis</strong></span> <span class='ocrx_word' id='word_1_121' title='bbox 370 2755 480 2808; x_wconf 78' lang='lat' dir='ltr'><strong>videtur.</strong></span> <span class='ocrx_word' id='word_1_122' title='bbox 516 2755 598 2824; x_wconf 86' lang='lat' dir='ltr'><strong>Quod</strong></span> <span class='ocrx_word' id='word_1_123' title='bbox 626 2776 687 2811; x_wconf 85' lang='lat' dir='ltr'><strong>sero</strong></span> <span class='ocrx_word' id='word_1_124' title='bbox 715 2757 748 2811; x_wconf 88' lang='lat' dir='ltr'><strong>de</strong></span> <span class='ocrx_word' id='word_1_125' title='bbox 772 2757 848 2830; x_wconf 85' lang='lat' dir='ltr'><strong>Lepti</strong></span> <span class='ocrx_word' id='word_1_126' title='bbox 873 2755 987 2810; x_wconf 88' lang='lat' dir='ltr'><strong>Cornuti</strong></span> <span class='ocrx_word' id='word_1_127' title='bbox 1014 2757 1098 2828; x_wconf 84' lang='lat' dir='ltr'><strong>patria</strong></span> <span class='ocrx_word' id='word_1_128' title='bbox 1126 2775 1181 2808; x_wconf 90' lang='lat' dir='ltr'><strong>uno</strong></span> <span class='ocrx_word' id='word_1_129' title='bbox 1277 2767 1281 2773; x_wconf 90' lang='lat'>&#39;</span> 
     </span>
    </p>
   </div>
   <div class='ocr_carea' id='block_1_5' title="bbox 97 2840 1182 4228">
    <p class='ocr_par' dir='ltr' id='par_1_6' title="bbox 97 2840 1182 4228">
     <span class='ocr_line' id='line_1_16' title="bbox 99 2840 1182 2914; baseline 0 -21"><span class='ocrx_word' id='word_1_130' title='bbox 99 2842 246 2914; x_wconf 81' lang='lat' dir='ltr'><strong>scriptores</strong></span> <span class='ocrx_word' id='word_1_131' title='bbox 266 2861 397 2897; x_wconf 85' lang='lat' dir='ltr'><strong>consensu</strong></span> <span class='ocrx_word' id='word_1_132' title='bbox 416 2841 566 2908; x_wconf 80' lang='lat' dir='ltr'><strong>affirmant,</strong></span> <span class='ocrx_word' id='word_1_133' title='bbox 595 2843 622 2894; x_wconf 91' lang='lat' dir='ltr'><strong>id</strong></span> <span class='ocrx_word' id='word_1_134' title='bbox 646 2861 721 2895; x_wconf 88' lang='lat' dir='ltr'><strong>nnnc</strong></span> <span class='ocrx_word' id='word_1_135' title='bbox 739 2843 815 2895; x_wconf 80' lang='lat' dir='ltr'><strong>video</strong></span> <span class='ocrx_word' id='word_1_136' title='bbox 832 2843 861 2894; x_wconf 91' lang='lat' dir='ltr'><strong>in</strong></span> <span class='ocrx_word' id='word_1_137' title='bbox 879 2840 991 2894; x_wconf 87' lang='lat' dir='ltr'><strong>dubium</strong></span> <span class='ocrx_word' id='word_1_138' title='bbox 1011 2840 1097 2894; x_wconf 77' lang='lat' dir='ltr'><strong>vocari</strong></span> <span class='ocrx_word' id='word_1_139' title='bbox 1117 2859 1182 2914; x_wconf 86' lang='lat' dir='ltr'><strong>sup-</strong></span> 
     </span>
     <span class='ocr_line' id='line_1_17' title="bbox 98 2927 1181 3000; baseline 0.003 -21"><span class='ocrx_word' id='word_1_140' title='bbox 98 2927 255 2999; x_wconf 80' lang='lat' dir='ltr'><strong>plemento,</strong></span> <span class='ocrx_word' id='word_1_141' title='bbox 286 2929 358 3000; x_wconf 84' lang='lat' dir='ltr'><strong>quod</strong></span> <span class='ocrx_word' id='word_1_142' title='bbox 386 2927 524 3000; x_wconf 88' lang='lat' dir='ltr'><strong>Stephano</strong></span> <span class='ocrx_word' id='word_1_143' title='bbox 550 2927 612 2996; x_wconf 74' lang='lat' dir='ltr'><strong>Byr.</strong></span> <span class='ocrx_word' id='word_1_144' title='bbox 640 2947 663 2980; x_wconf 81' lang='lat' dir='ltr'><strong>r.</strong></span> <span class='ocrx_word' id='word_1_145' title='bbox 692 2929 786 2986; x_wconf 79' lang='grc' dir='ltr'><strong><em>Θὶοτις</em></strong></span> <span class='ocrx_word' id='word_1_146' title='bbox 813 2945 901 3000; x_wconf 81' lang='lat' dir='ltr'><strong>nuper</strong></span> <span class='ocrx_word' id='word_1_147' title='bbox 927 2929 1037 2981; x_wconf 91' lang='lat' dir='ltr'><strong>demum</strong></span> <span class='ocrx_word' id='word_1_148' title='bbox 1064 2929 1181 2982; x_wconf 84' lang='lat' dir='ltr'><strong>accessit.</strong></span> 
     </span>
     <span class='ocr_line' id='line_1_18' title="bbox 98 3009 1181 3086; baseline -0.006 -20"><span class='ocrx_word' id='word_1_149' title='bbox 98 3014 194 3086; x_wconf 82' lang='lat' dir='ltr'><strong>Vulgo</strong></span> <span class='ocrx_word' id='word_1_150' title='bbox 214 3015 300 3068; x_wconf 85' lang='lat' dir='ltr'><strong>enim:</strong></span> <span class='ocrx_word' id='word_1_151' title='bbox 325 3017 434 3074; x_wconf 68' lang='grc' dir='ltr'><strong><em>Θέοτις,</em></strong></span> <span class='ocrx_word' id='word_1_152' title='bbox 452 3013 527 3070; x_wconf 72' lang='grc' dir='ltr'><strong><em>πόλις</em></strong></span> <span class='ocrx_word' id='word_1_153' title='bbox 544 3009 664 3082; x_wconf 68' lang='grc' dir='ltr'><strong>Ἀράβων</strong></span> <span class='ocrx_word' id='word_1_154' title='bbox 683 3019 726 3064; x_wconf 80' lang='lat' dir='ltr'><strong>unl</strong></span> <span class='ocrx_word' id='word_1_155' title='bbox 745 3011 812 3082; x_wconf 68' lang='grc' dir='ltr'><strong>ἄλλη</strong></span> <span class='ocrx_word' id='word_1_156' title='bbox 830 3015 939 3082; x_wconf 75' lang='grc' dir='ltr'><em>Λιβύης.</em></span> <span class='ocrx_word' id='word_1_157' title='bbox 965 3009 978 3064; x_wconf 78' lang='grc' dir='ltr'>ὅ</span> <span class='ocrx_word' id='word_1_158' title='bbox 995 3017 1104 3082; x_wconf 72' lang='grc' dir='ltr'><strong><em>πολίτης</em></strong></span> <span class='ocrx_word' id='word_1_159' title='bbox 1121 3016 1181 3065; x_wconf 72' lang='lat' dir='ltr'><strong>inu.</strong></span> 
     </span>
     <span class='ocr_line' id='line_1_19' title="bbox 97 3098 1181 3172; baseline 0.003 -20"><span class='ocrx_word' id='word_1_160' title='bbox 97 3105 179 3172; x_wconf 71' lang='lat' dir='ltr'><strong>signe</strong></span> <span class='ocrx_word' id='word_1_161' title='bbox 196 3103 336 3170; x_wconf 67' lang='grc' dir='ltr'><strong><em>Θιοτίτηο,</em></strong></span> <span class='ocrx_word' id='word_1_162' title='bbox 355 3100 453 3172; x_wconf 84' lang='lat' dir='ltr'><strong>quibus</strong></span> <span class='ocrx_word' id='word_1_163' title='bbox 470 3098 522 3152; x_wconf 86' lang='lat' dir='ltr'><strong>inm</strong></span> <span class='ocrx_word' id='word_1_164' title='bbox 538 3099 763 3153; x_wconf 86' lang='lat' dir='ltr'><strong>Westermannus</strong></span> <span class='ocrx_word' id='word_1_165' title='bbox 781 3119 809 3152; x_wconf 84' lang='lat' dir='ltr'><strong>er</strong></span> <span class='ocrx_word' id='word_1_166' title='bbox 828 3100 887 3154; x_wconf 81' lang='lat' dir='ltr'><strong>cod</strong></span> <span class='ocrx_word' id='word_1_167' title='bbox 900 3100 1096 3154; x_wconf 85' lang='lat' dir='ltr'><strong>Vratislasiensi</strong></span> <span class='ocrx_word' id='word_1_168' title='bbox 1110 3102 1181 3172; x_wconf 87' lang='lat' dir='ltr'><strong>opti·</strong></span> 
     </span>
     <span class='ocr_line' id='line_1_20' title="bbox 98 3169 1181 3259; baseline 0 -19"><span class='ocrx_word' id='word_1_169' title='bbox 98 3207 146 3241; x_wconf 86' lang='lat' dir='ltr'><strong>mo</strong></span> <span class='ocrx_word' id='word_1_170' title='bbox 165 3187 282 3242; x_wconf 85' lang='lat' dir='ltr'><strong>addidit:</strong></span> <span class='ocrx_word' id='word_1_171' title='bbox 307 3191 334 3240; x_wconf 76' lang='lat' dir='ltr'><strong>ds</strong></span> <span class='ocrx_word' id='word_1_172' title='bbox 352 3189 382 3238; x_wconf 79' lang='lat' dir='ltr'><strong>dl</strong></span> <span class='ocrx_word' id='word_1_173' title='bbox 400 3187 450 3256; x_wconf 77' lang='grc' dir='ltr'><strong>τῆς</strong></span> <span class='ocrx_word' id='word_1_174' title='bbox 466 3188 584 3254; x_wconf 69' lang='grc' dir='ltr'><strong>Λιβυκῆς</strong></span> <span class='ocrx_word' id='word_1_175' title='bbox 601 3187 753 3254; x_wconf 70' lang='grc' dir='ltr'><strong><em>Κορνοῦτος</em></strong></span> <span class='ocrx_word' id='word_1_176' title='bbox 766 3183 909 3248; x_wconf 68' lang='grc' dir='ltr'><strong>’φιλόσοφος</strong></span> <span class='ocrx_word' id='word_1_177' title='bbox 928 3189 1055 3256; x_wconf 73' lang='grc' dir='ltr'><strong>Θεστίτης</strong></span> <span class='ocrx_word' id='word_1_178' title='bbox 1075 3169 1181 3259; x_wconf 53' lang='lat' dir='ltr'><strong>geppan·</strong></span> 
     </span>
     <span class='ocr_line' id='line_1_21' title="bbox 97 3271 1182 3349; baseline 0.004 -22"><span class='ocrx_word' id='word_1_179' title='bbox 97 3275 184 3334; x_wconf 68' lang='grc' dir='ltr'><strong>σίζον.</strong></span> <span class='ocrx_word' id='word_1_180' title='bbox 229 3275 276 3328; x_wconf 83' lang='lat' dir='ltr'><strong>llis</strong></span> <span class='ocrx_word' id='word_1_181' title='bbox 294 3285 383 3328; x_wconf 89' lang='lat' dir='ltr'><strong>autem</strong></span> <span class='ocrx_word' id='word_1_182' title='bbox 402 3275 574 3328; x_wconf 71' lang='lat' dir='ltr'><strong>adversantur</strong></span> <span class='ocrx_word' id='word_1_183' title='bbox 592 3291 661 3344; x_wconf 87' lang='lat' dir='ltr'><strong>quae</strong></span> <span class='ocrx_word' id='word_1_184' title='bbox 680 3271 797 3326; x_wconf 84' lang='lat' dir='ltr'><strong>eiusdem</strong></span> <span class='ocrx_word' id='word_1_185' title='bbox 815 3274 952 3346; x_wconf 87' lang='lat' dir='ltr'><strong>scriptoris</strong></span> <span class='ocrx_word' id='word_1_186' title='bbox 970 3295 992 3329; x_wconf 80' lang='lat' dir='ltr'><strong>a.</strong></span> <span class='ocrx_word' id='word_1_187' title='bbox 1013 3279 1104 3347; x_wconf 73' lang='lat' dir='ltr'><strong>Tlpyae</strong></span> <span class='ocrx_word' id='word_1_188' title='bbox 1123 3285 1182 3349; x_wconf 86' lang='lat' dir='ltr'><strong>post</strong></span> 
     </span>
     <span class='ocr_line' id='line_1_22' title="bbox 99 3358 1180 3437; baseline 0 -20"><span class='ocrx_word' id='word_1_189' title='bbox 99 3365 178 3419; x_wconf 77' lang='lat' dir='ltr'><strong>serha</strong></span> <span class='ocrx_word' id='word_1_190' title='bbox 198 3364 303 3437; x_wconf 75' lang='lat' dir='ltr'><strong>vulgata</strong></span> <span class='ocrx_word' id='word_1_191' title='bbox 322 3365 349 3417; x_wconf 91' lang='lat' dir='ltr'><strong>in</strong></span> <span class='ocrx_word' id='word_1_192' title='bbox 370 3364 447 3418; x_wconf 86' lang='lat' dir='ltr'><strong>oodd.</strong></span> <span class='ocrx_word' id='word_1_193' title='bbox 465 3363 592 3418; x_wconf 83' lang='lat' dir='ltr'><strong>Palatinis</strong></span> <span class='ocrx_word' id='word_1_194' title='bbox 614 3372 713 3415; x_wconf 78' lang='lat' dir='ltr'><strong>exstare</strong></span> <span class='ocrx_word' id='word_1_195' title='bbox 737 3363 844 3416; x_wconf 90' lang='lat' dir='ltr'><strong>monuit</strong></span> <span class='ocrx_word' id='word_1_196' title='bbox 862 3362 1019 3417; x_wconf 78' lang='lat' dir='ltr'><strong>Salmasius:</strong></span> <span class='ocrx_word' id='word_1_197' title='bbox 1045 3358 1113 3417; x_wconf 70' lang='grc' dir='ltr'><strong>οὕτω</strong></span> <span class='ocrx_word' id='word_1_198' title='bbox 1136 3370 1180 3417; x_wconf 76' lang='lat' dir='ltr'><strong>sul</strong></span> 
     </span>
     <span class='ocr_line' id='line_1_23' title="bbox 99 3449 1178 3523; baseline 0.002 -18"><span class='ocrx_word' id='word_1_199' title='bbox 99 3451 239 3516; x_wconf 69' lang='grc' dir='ltr'><strong><em>φιλόσοφος</em></strong></span> <span class='ocrx_word' id='word_1_200' title='bbox 263 3455 415 3523; x_wconf 73' lang='grc' dir='ltr'><strong><em>Κορνοῦτος</em></strong></span> <span class='ocrx_word' id='word_1_201' title='bbox 440 3449 592 3522; x_wconf 69' lang='grc' dir='ltr'><strong>Ιχρημάτιζι</strong></span> <span class='ocrx_word' id='word_1_202' title='bbox 615 3453 756 3519; x_wconf 59' lang='lat' dir='ltr'><strong>Araricus·</strong></span> <span class='ocrx_word' id='word_1_203' title='bbox 793 3451 869 3504; x_wconf 84' lang='lat' dir='ltr'><strong>Patet</strong></span> <span class='ocrx_word' id='word_1_204' title='bbox 891 3452 1003 3506; x_wconf 89' lang='lat' dir='ltr'><strong>alterum</strong></span> <span class='ocrx_word' id='word_1_205' title='bbox 1029 3464 1118 3507; x_wconf 90' lang='lat' dir='ltr'><strong>utrum</strong></span> <span class='ocrx_word' id='word_1_206' title='bbox 1145 3455 1178 3507; x_wconf 87' lang='lat' dir='ltr'><strong>ab</strong></span> 
     </span>
     <span class='ocr_line' id='line_1_24' title="bbox 98 3538 1180 3613; baseline 0.002 -19"><span class='ocrx_word' id='word_1_207' title='bbox 98 3553 209 3597; x_wconf 88' lang='lat' dir='ltr'><strong>auctore</strong></span> <span class='ocrx_word' id='word_1_208' title='bbox 228 3541 379 3613; x_wconf 85' lang='lat' dir='ltr'><strong>proiectum</strong></span> <span class='ocrx_word' id='word_1_209' title='bbox 398 3557 466 3593; x_wconf 87' lang='lat' dir='ltr'><strong>esse:</strong></span> <span class='ocrx_word' id='word_1_210' title='bbox 490 3550 578 3592; x_wconf 89' lang='lat' dir='ltr'><strong>utrum</strong></span> <span class='ocrx_word' id='word_1_211' title='bbox 599 3558 660 3592; x_wconf 87' lang='lat' dir='ltr'><strong>sero</strong></span> <span class='ocrx_word' id='word_1_212' title='bbox 679 3538 815 3610; x_wconf 85' lang='lat' dir='ltr'><strong>Stephano</strong></span> <span class='ocrx_word' id='word_1_213' title='bbox 834 3539 1122 3596; x_wconf 82' lang='lat' dir='ltr'><strong>vindicemus&#39;dilhcile</strong></span> <span class='ocrx_word' id='word_1_214' title='bbox 1141 3553 1180 3596; x_wconf 87' lang='lat' dir='ltr'><strong>est</strong></span> 
     </span>
     <span class='ocr_line' id='line_1_25' title="bbox 97 3627 1178 3700; baseline -0.001 -18"><span class='ocrx_word' id='word_1_215' title='bbox 97 3631 187 3695; x_wconf 86' lang='lat' dir='ltr'><strong>dictu,</strong></span> <span class='ocrx_word' id='word_1_216' title='bbox 206 3647 297 3700; x_wconf 86' lang='lat' dir='ltr'><strong>neque</strong></span> <span class='ocrx_word' id='word_1_217' title='bbox 311 3630 549 3694; x_wconf 83' lang='lat' dir='ltr'><strong>Westermannos,</strong></span> <span class='ocrx_word' id='word_1_218' title='bbox 569 3627 615 3699; x_wconf 84' lang='lat' dir='ltr'><strong>qui</strong></span> <span class='ocrx_word' id='word_1_219' title='bbox 634 3638 779 3698; x_wconf 87' lang='lat' dir='ltr'><strong>utrumque</strong></span> <span class='ocrx_word' id='word_1_220' title='bbox 798 3628 1013 3700; x_wconf 86' lang='lat' dir='ltr'><strong>supplementum</strong></span> <span class='ocrx_word' id='word_1_221' title='bbox 1032 3627 1060 3680; x_wconf 89' lang='lat' dir='ltr'><strong>in</strong></span> <span class='ocrx_word' id='word_1_222' title='bbox 1080 3639 1178 3683; x_wconf 84' lang='lat' dir='ltr'><strong>testum</strong></span> 
     </span>
     <span class='ocr_line' id='line_1_26' title="bbox 98 3711 1179 3789; baseline -0.001 -18"><span class='ocrx_word' id='word_1_223' title='bbox 98 3719 233 3789; x_wconf 83' lang='lat' dir='ltr'><strong>suscepit,</strong></span> <span class='ocrx_word' id='word_1_224' title='bbox 257 3735 316 3771; x_wconf 86' lang='lat' dir='ltr'><strong>eam</strong></span> <span class='ocrx_word' id='word_1_225' title='bbox 336 3711 534 3783; x_wconf 78' lang='lat' dir='ltr'><strong>difficultatem,</strong></span> <span class='ocrx_word' id='word_1_226' title='bbox 560 3735 641 3788; x_wconf 88' lang='lat' dir='ltr'><strong>quam</strong></span> <span class='ocrx_word' id='word_1_227' title='bbox 660 3725 925 3786; x_wconf 82' lang='lat' dir='ltr'><strong>mernoratp.xx1v‚</strong></span> <span class='ocrx_word' id='word_1_228' title='bbox 949 3715 1072 3788; x_wconf 74' lang='lat' dir='ltr'><strong>expedire</strong></span> <span class='ocrx_word' id='word_1_229' title='bbox 1091 3716 1179 3770; x_wconf 81' lang='lat' dir='ltr'><strong>valuit.</strong></span> 
     </span>
     <span class='ocr_line' id='line_1_27' title="bbox 99 3803 1180 3878; baseline -0.003 -19"><span class='ocrx_word' id='word_1_230' title='bbox 99 3805 166 3859; x_wconf 84' lang='lat' dir='ltr'><strong>hlihi</strong></span> <span class='ocrx_word' id='word_1_231' title='bbox 183 3823 256 3872; x_wconf 82' lang='lat' dir='ltr'><strong>sero,</strong></span> <span class='ocrx_word' id='word_1_232' title='bbox 277 3803 496 3878; x_wconf 88' lang='lat' dir='ltr'><strong>quandoquidem</strong></span> <span class='ocrx_word' id='word_1_233' title='bbox 516 3823 546 3858; x_wconf 84' lang='lat' dir='ltr'><strong>ea</strong></span> <span class='ocrx_word' id='word_1_234' title='bbox 565 3803 598 3858; x_wconf 88' lang='lat' dir='ltr'><strong>de</strong></span> <span class='ocrx_word' id='word_1_235' title='bbox 616 3823 646 3858; x_wconf 91' lang='lat' dir='ltr'><strong>re</strong></span> <span class='ocrx_word' id='word_1_236' title='bbox 665 3803 864 3859; x_wconf 86' lang='lat' dir='ltr'><strong>decernendum</strong></span> <span class='ocrx_word' id='word_1_237' title='bbox 883 3815 929 3870; x_wconf 82' lang='lat' dir='ltr'><strong>est,</strong></span> <span class='ocrx_word' id='word_1_238' title='bbox 949 3805 1034 3858; x_wconf 76' lang='lat' dir='ltr'><strong>fateor</strong></span> <span class='ocrx_word' id='word_1_239' title='bbox 1048 3803 1180 3873; x_wconf 86' lang='lat' dir='ltr'><strong>posterius</strong></span> 
     </span>
     <span class='ocr_line' id='line_1_28' title="bbox 98 3888 1177 3966; baseline -0.002 -20"><span class='ocrx_word' id='word_1_240' title='bbox 98 3893 316 3966; x_wconf 85' lang='lat' dir='ltr'><strong>supplementum</strong></span> <span class='ocrx_word' id='word_1_241' title='bbox 340 3891 432 3964; x_wconf 80' lang='lat' dir='ltr'><strong>priore</strong></span> <span class='ocrx_word' id='word_1_242' title='bbox 457 3891 585 3946; x_wconf 87' lang='lat' dir='ltr'><strong>maiorem</strong></span> <span class='ocrx_word' id='word_1_243' title='bbox 609 3907 674 3964; x_wconf 86' lang='lat' dir='ltr'><strong>prae</strong></span> <span class='ocrx_word' id='word_1_244' title='bbox 691 3911 719 3944; x_wconf 87' lang='lat' dir='ltr'><strong>se</strong></span> <span class='ocrx_word' id='word_1_245' title='bbox 736 3891 808 3944; x_wconf 86' lang='lat' dir='ltr'><strong>ferre</strong></span> <span class='ocrx_word' id='word_1_246' title='bbox 825 3890 905 3944; x_wconf 90' lang='lat' dir='ltr'><strong>alieni</strong></span> <span class='ocrx_word' id='word_1_247' title='bbox 925 3888 1097 3944; x_wconf 82' lang='lat' dir='ltr'><strong>additamenti</strong></span> <span class='ocrx_word' id='word_1_248' title='bbox 1116 3907 1177 3961; x_wconf 76' lang='lat' dir='ltr'><strong>spe·</strong></span> 
     </span>
     <span class='ocr_line' id='line_1_29' title="bbox 99 3977 1178 4050; baseline -0.003 -16"><span class='ocrx_word' id='word_1_249' title='bbox 99 3982 168 4035; x_wconf 85' lang='lat' dir='ltr'><strong>ciem</strong></span> <span class='ocrx_word' id='word_1_250' title='bbox 186 3980 278 4035; x_wconf 82' lang='lat' dir='ltr'><strong>sideri.</strong></span> <span class='ocrx_word' id='word_1_251' title='bbox 314 3977 368 4034; x_wconf 85' lang='lat' dir='ltr'><strong>Sed</strong></span> <span class='ocrx_word' id='word_1_252' title='bbox 393 3980 455 4033; x_wconf 87' lang='lat' dir='ltr'><strong>satis</strong></span> <span class='ocrx_word' id='word_1_253' title='bbox 480 3990 518 4033; x_wconf 85' lang='lat' dir='ltr'><strong>est</strong></span> <span class='ocrx_word' id='word_1_254' title='bbox 542 3978 615 4032; x_wconf 85' lang='lat' dir='ltr'><strong>illam</strong></span> <span class='ocrx_word' id='word_1_255' title='bbox 640 3978 742 4050; x_wconf 84' lang='lat' dir='ltr'><strong>patriae</strong></span> <span class='ocrx_word' id='word_1_256' title='bbox 766 3977 970 4049; x_wconf 79' lang='lat' dir='ltr'><strong>discrepantiam</strong></span> <span class='ocrx_word' id='word_1_257' title='bbox 995 3985 1114 4044; x_wconf 84' lang='lat' dir='ltr'><strong>notasse,</strong></span> <span class='ocrx_word' id='word_1_258' title='bbox 1143 3979 1178 4033; x_wconf 88' lang='lat' dir='ltr'><strong>ita</strong></span> 
     </span>
     <span class='ocr_line' id='line_1_30' title="bbox 99 4064 1178 4140; baseline 0 -19"><span class='ocrx_word' id='word_1_259' title='bbox 99 4068 209 4121; x_wconf 68' lang='lat' dir='ltr'><strong>iorusse</strong></span> <span class='ocrx_word' id='word_1_260' title='bbox 222 4065 422 4140; x_wconf 79' lang='lat' dir='ltr'><strong>expediendam,</strong></span> <span class='ocrx_word' id='word_1_261' title='bbox 441 4077 470 4121; x_wconf 89' lang='lat' dir='ltr'><strong>ut</strong></span> <span class='ocrx_word' id='word_1_262' title='bbox 484 4065 608 4120; x_wconf 87' lang='lat' dir='ltr'><strong>Thestide</strong></span> <span class='ocrx_word' id='word_1_263' title='bbox 622 4064 775 4119; x_wconf 85' lang='lat' dir='ltr'><strong>Cornutum</strong></span> <span class='ocrx_word' id='word_1_264' title='bbox 788 4075 932 4118; x_wconf 84' lang='lat' dir='ltr'><strong>statuemus</strong></span> <span class='ocrx_word' id='word_1_265' title='bbox 945 4073 1048 4131; x_wconf 72' lang='lat' dir='ltr'><strong>natum,</strong></span> <span class='ocrx_word' id='word_1_266' title='bbox 1066 4085 1080 4118; x_wconf 86' lang='lat' dir='ltr'><strong>a</strong></span> <span class='ocrx_word' id='word_1_267' title='bbox 1094 4067 1178 4122; x_wconf 80' lang='lat' dir='ltr'><strong>vicina</strong></span> 
     </span>
     <span class='ocr_line' id='line_1_31' title="bbox 97 4151 1178 4228; baseline 0.002 -22"><span class='ocrx_word' id='word_1_268' title='bbox 97 4173 162 4210; x_wconf 82' lang='lat' dir='ltr'><strong>vero</strong></span> <span class='ocrx_word' id='word_1_269' title='bbox 181 4155 257 4228; x_wconf 85' lang='lat' dir='ltr'><strong>Lepti</strong></span> <span class='ocrx_word' id='word_1_270' title='bbox 280 4167 307 4210; x_wconf 91' lang='lat' dir='ltr'><strong>et</strong></span> <span class='ocrx_word' id='word_1_271' title='bbox 329 4153 464 4210; x_wconf 84' lang='lat' dir='ltr'><strong>nobiliore</strong></span> <span class='ocrx_word' id='word_1_272' title='bbox 481 4153 589 4208; x_wconf 73' lang='lat' dir='ltr'><strong>Africae</strong></span> <span class='ocrx_word' id='word_1_273' title='bbox 613 4153 681 4207; x_wconf 83' lang='lat' dir='ltr'><strong>urbe</strong></span> <span class='ocrx_word' id='word_1_274' title='bbox 705 4151 869 4224; x_wconf 84' lang='lat' dir='ltr'><strong>appellatum</strong></span> <span class='ocrx_word' id='word_1_275' title='bbox 895 4169 958 4206; x_wconf 83' lang='lat' dir='ltr'><strong>esee.</strong></span> <span class='ocrx_word' id='word_1_276' title='bbox 994 4153 1029 4208; x_wconf 83' lang='lat' dir='ltr'><strong>At</strong></span> <span class='ocrx_word' id='word_1_277' title='bbox 1047 4173 1109 4208; x_wconf 82' lang='lat' dir='ltr'><strong>sero</strong></span> <span class='ocrx_word' id='word_1_278' title='bbox 1128 4171 1178 4226; x_wconf 89' lang='lat' dir='ltr'><strong>pro</strong></span> 
     </span>
    </p>
   </div>
   <div class='ocr_carea' id='block_1_6' title="bbox 97 4241 1177 4382">
    <p class='ocr_par' dir='ltr' id='par_1_7' title="bbox 97 4241 1177 4382">
     <span class='ocr_line' id='line_1_32' title="bbox 97 4241 1177 4315; baseline -0.001 -19"><span class='ocrx_word' id='word_1_279' title='bbox 97 4243 223 4298; x_wconf 81' lang='lat' dir='ltr'><strong>Romano</strong></span> <span class='ocrx_word' id='word_1_280' title='bbox 246 4243 335 4315; x_wconf 88' lang='lat' dir='ltr'><strong>ipsum</strong></span> <span class='ocrx_word' id='word_1_281' title='bbox 360 4242 452 4297; x_wconf 84' lang='lat' dir='ltr'><strong>haheri</strong></span> <span class='ocrx_word' id='word_1_282' title='bbox 478 4241 605 4310; x_wconf 80' lang='lat' dir='ltr'><strong>soluisse,</strong></span> <span class='ocrx_word' id='word_1_283' title='bbox 631 4249 738 4294; x_wconf 84' lang='lat' dir='ltr'><strong>testatus</strong></span> <span class='ocrx_word' id='word_1_284' title='bbox 758 4249 797 4292; x_wconf 83' lang='lat' dir='ltr'><strong>est</strong></span> <span class='ocrx_word' id='word_1_285' title='bbox 822 4257 905 4310; x_wconf 86' lang='lat' dir='ltr'><strong>quum</strong></span> <span class='ocrx_word' id='word_1_286' title='bbox 930 4241 964 4295; x_wconf 87' lang='lat' dir='ltr'><strong>de</strong></span> <span class='ocrx_word' id='word_1_287' title='bbox 981 4241 1015 4294; x_wconf 88' lang='lat' dir='ltr'><strong>N.</strong></span> <span class='ocrx_word' id='word_1_288' title='bbox 1035 4241 1069 4296; x_wconf 88' lang='lat' dir='ltr'><strong>D.</strong></span> <span class='ocrx_word' id='word_1_289' title='bbox 1093 4261 1116 4296; x_wconf 88' lang='lat' dir='ltr'><strong>c.</strong></span> <span class='ocrx_word' id='word_1_290' title='bbox 1134 4245 1177 4296; x_wconf 78' lang='lat'><strong>²⁸.</strong></span> 
     </span>
     <span class='ocr_line' id='line_1_33' title="bbox 855 4337 938 4382; baseline 0.048 -4"><span class='ocrx_word' id='word_1_291' title='bbox 855 4337 894 4380; x_wconf 70' lang='lat' dir='ltr'><strong>lt*</strong></span> <span class='ocrx_word' id='word_1_292' title='bbox 933 4373 938 4382; x_wconf 84' lang='lat'><strong>.</strong></span> 
     </span>
    </p>
   </div>
   <div class='ocr_carea' id='block_1_7' title="bbox 0 0 1490 4836">
    <p class='ocr_par' dir='ltr' id='par_1_8' title="bbox 0 0 1490 4836">
     <span class='ocr_line' id='line_1_34' title="bbox 0 0 1490 4836; baseline 0 3"><span class='ocrx_word' id='word_1_293' title='bbox 0 0 1490 4836; x_wconf 95' lang='lat' dir='ltr'><strong> </strong></span> 
     </span>
    </p>
   </div>
  </div>
 </body>
</html>
