2972 4836
516 377 555 392 ··
608 365 699 408 lull
750 383 793 396 ·-

196 508 281 572 Gale
311 509 450 572 Praelat.
484 513 545 588 „ob
581 513 810 594 philosophiam
846 513 992 578 inclaruit
1026 515 1194 596 Cossium,

106 632 257 689 magsmrn
283 633 410 694 quoque
433 632 546 676 nomen
569 615 707 678 obtinuit
729 615 823 678 etism
844 619 885 680 ob
913 619 1113 682 humaniores
1141 622 1193 682 lit-

108 726 202 776 teras.
249 714 316 774 Dio
338 714 446 778 scribit
468 735 537 778 eunt
559 710 776 801 εὐδοκιμῆσαι
794 719 849 784 lui
865 721 1027 807 uardslp'l
1049 734 1080 784 et
1099 723 1193 800 „Ful-

107 815 234 893 gentius
257 819 420 897 Sotyricum
441 829 533 880 vocat
547 815 604 900 *).”
645 817 748 882 idem:
775 820 973 902 „Simplicius
996 843 1034 884 ex
1050 825 1193 908 Porphy-

104 919 155 980 rio
186 937 247 980 nos
278 917 369 980 docet
394 917 632 982 Athenodorum
656 933 687 982 et
715 920 889 984 Cornutum
916 924 1032 1006 scripte
1060 925 1192 990 edidisse

105 1020 263 1082 adversus
277 1020 457 1082 Aristotelis
471 1019 650 1100 categorias
661 1024 717 1100 ³).
753 1023 851 1086 Addit
862 1024 1040 1106 Simplicius
1051 1049 1192 1110 magnam

104 1135 230 1205 partem
262 1123 370 1202 operis
400 1121 534 1184 Cornuti
559 1136 773 1206 consumptam
800 1126 894 1191 luisse
920 1129 954 1190 in
984 1131 1191 1210 explicatione

104 1239 137 1290 et
158 1225 367 1288 d'ntinctionc
391 1226 529 1288 vocum.”
572 1227 639 1290 llos
662 1226 789 1308 quidem
814 1227 927 1292 Stoicis
949 1233 1191 1294 usitatissimum.

106 1329 183 1390 (lale
206 1326 384 1392 ridendum
405 1327 444 1390 iis
465 1326 550 1404 dicit,
572 1327 685 1410 quibus
708 1329 904 1392 commodum
927 1343 983 1410 est,
1004 1353 1043 1394 an
1067 1334 1192 1396 nonsit

109 1563 202 1636 Suppl.
218 1567 286 1618 1011.
307 1581 335 1635 p.
347 1563 401 1617 ’198
411 1579 467 1634 seq.
486 1561 532 1615 ubi
546 1561 625 1616 simul
644 1562 786 1632 monitum,
805 1561 923 1618 libellum
941 1563 1017 1618 illum
1036 1565 1103 1620 nilril
1120 1565 1192 1620 aliud

108 1671 161 1706 ene
178 1669 264 1724 quarn
284 1662 390 1723 partem
410 1668 478 1722 quae
496 1650 530 1704 de
548 1643 659 1704 cometis
676 1662 737 1723 agat
759 1651 890 1724 integram
915 1653 1004 1726 operis
1027 1653 1060 1708 de
1083 1656 1192 1710 ostentis

108 1739 178 1794 alo.
195 1740 347 1794 laurentio
365 1737 442 1810 Lydo
461 1739 619 1810 conscripti:
646 1739 723 1792 cuius
745 1738 826 1792 editio
850 1740 1029 1814 supplementi
1053 1743 1136 1798 instar
1158 1743 1191 1796 ad

108 1827 253 1882 llssiannm
280 1827 364 1882 totius
386 1825 448 1878 libri
474 1825 525 1880 ltac
550 1827 577 1880 in
603 1837 678 1896 parte
702 1827 842 1898 insigniter
859 1828 961 1895 mutili,
987 1849 1017 1882 er
1034 1828 1080 1883 illo
1100 1829 1192 1886 codice

106 1915 185 1968 laur.
197 1916 309 1988 egregie
328 1913 493 1968 restaurandi
512 1913 645 1986 exemplar
663 1915 780 1984 paranda
799 1927 833 1980 et,
853 1927 881 1968 ut
898 1918 1072 1987 promiseram
1085 1915 1192 1970 Auctar.
1234 1969 1242 1982 ‚

107 2001 170 2054 laer.
188 2001 240 2056 Gr.
264 2023 290 2073 p.
308 2019 376 2070 ttvu,
401 2001 458 2055 sine
483 2021 557 2054 mora
576 1999 726 2071 vulganda,
748 2001 810 2054 licet
827 2002 875 2053 tria
895 2013 1041 2072 quatuorve
1059 2003 1122 2058 lolia
1141 2003 1193 2054 im-

108 2107 203 2160 pressa
222 2089 296 2160 prelo
314 2101 377 2143 ante
396 2091 446 2143 tria
464 2090 579 2162 amplius
601 2089 683 2141 lustra
708 2089 761 2140 iam
786 2089 907 2153 exierint,
930 2090 1057 2160 singulari
1077 2091 1193 2161 quodam

107 2177 156 2228 sati
179 2175 320 2248 iniquitate
339 2178 485 2249 quominus
502 2177 698 2243 absolveretur,
724 2177 758 2230 ad
776 2176 849 2232 hunc
866 2177 953 2248 ipsum
972 2178 1042 2232 diem
1061 2177 1192 2251 prohibita

107 2265 167 2318 luit.
203 2263 249 2317 tua
271 2283 357 2336 quum
376 2267 479 2333 multis,
496 2277 527 2320 ut
545 2266 610 2330 diri,
628 2265 726 2322 abhinc
744 2267 821 2320 annis
839 2265 926 2338 polam
947 2265 1081 2338 professus
1099 2287 1191 2334 susm,

108 2353 215 2408 illarum
234 2353 387 2408 litterarum
404 2352 528 2408 studiosis
546 2372 641 2426 parum
655 2353 788 2408 consuluit
800 2352 935 2410 Bellienus
948 2373 1032 2426 quum
1046 2355 1073 2410 in
1087 2355 1192 2428 scriptis

106 2441 144 2496 lo.
160 2441 300 2496 laurentii
319 2442 389 2496 inter
405 2441 549 2514 scriptores
567 2440 624 2494 hist.
638 2442 702 2516 Byr.
720 2463 808 2515 nuper
825 2443 934 2498 edendis
953 2443 1016 2498 nihil
1036 2443 1107 2498 aliud
1127 2463 1191 2516 age·

106 2543 154 2594 ret,
173 2547 257 2604 quam
278 2540 307 2583 ut
327 2529 426 2584 codicis
444 2529 594 2601 imperfecti
613 2531 772 2602 scripturam
792 2551 821 2583 er
839 2529 910 2584 llasii
929 2530 1071 2604 exemplari
1090 2529 1191 2583 descri-

105 2618 223 2669 lsendam
243 2629 360 2672 curaret.
396 2615 464 2671 Nam
491 2636 560 2689 quae
586 2637 659 2670 nunc
684 2617 712 2671 in
736 2619 823 2673 lucem
843 2619 1001 2690 prodierunt
1019 2629 1145 2689 corrupto
1165 2627 1191 2670 et

104 2725 211 2773 manca,
232 2725 265 2758 ea
285 2715 408 2776 poterant
426 2705 516 2759 omnia
535 2724 564 2758 ex
585 2705 678 2760 codice
696 2705 742 2760 illo
761 2707 799 2759 sel
820 2725 849 2758 ex
868 2704 1022 2778 apographo
1041 2725 1102 2759 meo
1121 2706 1190 2757 inte-

103 2814 150 2868 gra
179 2797 261 2850 tradi.
309 2795 450 2849 Praeterea
474 2805 579 2865 prester
604 2793 823 2864 exspectationem
850 2805 967 2846 nostram
993 2810 1078 2844 norae
1103 2809 1191 2861 nuper

104 2905 220 2958 quoque
237 2886 273 2938 ad
290 2883 428 2948 damnum,
448 2881 520 2954 quod
539 2879 732 2934 laurentianus
750 2880 854 2934 libellus
871 2899 962 2952 possus
978 2891 1024 2945 est,
1043 2880 1191 2934 resarcien-

103 2973 171 3026 dum
191 2973 314 3026 inventae
329 2982 392 3026 suut
410 2969 502 3040 copiae
520 2969 548 3022 in
567 2969 627 3024 cod.
642 2967 774 3035 Britann,
793 2989 823 3020 es
841 2986 897 3040 quo
915 2966 1043 3037 Eroerpta
1064 2967 1097 3020 nd
1116 2966 1189 3018 illam

104 3062 198 3132 operis
215 3071 320 3133 partem
340 3055 451 3113 manime
465 3051 629 3130 'pertinentia
649 3056 731 3109 edidit
748 3053 892 3108 Cramerus
910 3052 1012 3106 saeco.
1029 3051 1077 3104 Gr.
1096 3051 1128 3104 T.
1148 3051 1191 3102 lll.

105 3169 178 3202 anno
198 3161 263 3202 ante
280 3145 391 3202 Bettsri
409 3148 553 3202 editionem
572 3147 676 3210 emisso,
696 3164 722 3216 p.
733 3145 796 3210 403,
816 3141 907 3194 lutuno
923 3138 1016 3192 editori
1031 3136 1100 3191 haud
1114 3157 1191 3212 sper-

106 3236 204 3303 nenda,
224 3236 258 3289 de
279 3235 376 3308 quibus
394 3235 457 3288 alias
475 3255 563 3290 sermo
582 3235 653 3302 crit]

179 3327 203 3394 ¹)
222 3323 292 3392 [llac
310 3324 344 3376 de
361 3343 389 3376 re
407 3323 476 3376 infra
498 3323 623 3394 dicetur.]

166 3413 204 3483 '')
223 3412 279 3480 [De
300 3411 340 3466 his
358 3431 447 3484 supra.
493 3411 606 3464 Videtur
624 3409 761 3464 Cornutus
784 3421 810 3463 et
835 3407 884 3462 alia
912 3406 1042 3479 quaedam
1071 3405 1189 3478 pbiloso-

106 3501 182 3574 plaiee
201 3501 353 3573 scripsisse,
382 3499 602 3573 quandoquidem
627 3498 757 3552 sententia
781 3496 838 3549 eins
862 3495 895 3548 de
915 3493 1113 3550 immortalitate
1131 3493 1191 3548 ani-

105 3609 165 3644 mae
184 3609 199 3642 a
218 3589 366 3644 Iamblicho
384 3590 412 3642 in
432 3589 540 3644 Stobaei
559 3587 616 3641 Ect.
640 3585 715 3658 phys.
734 3587 827 3656 ptos
847 3583 924 3636 lleer.
950 3583 1044 3636 tradito
1070 3596 1141 3638 certe
1162 3583 1191 3637 in

105 3679 176 3732 libro
194 3679 231 3734 de
246 3689 342 3734 natura
360 3678 472 3732 deorum
491 3696 547 3730 non
566 3675 708 3748 reperitur.
746 3671 836 3740 Quem
854 3670 944 3726 losum
965 3692 1047 3743 quum
1068 3671 1190 3728 nonnulli

105 3766 138 3820 ad
158 3765 330 3820 Platonicum
350 3767 440 3822 nescio
459 3785 540 3838 quem
559 3763 711 3818 Cornutum
731 3759 832 3812 referre
851 3759 1010 3828 maluerint,
1029 3759 1128 3814 erroris
1145 3777 1191 3810 eos

106 3853 249 3908 lllartinius
266 3875 294 3927 p.
308 3859 343 3911 ot
362 3875 395 3910 eo
414 3855 544 3926 coarguit,
564 3851 636 3925 quod
656 3848 783 3922 placitum
801 3847 881 3912 illud,
901 3867 955 3920 quo
975 3846 1092 3916 animam
1111 3841 1189 3896 simul

108 3961 169 3996 cum
187 3963 305 4015 corpore
324 3943 433 3998 interire
452 3944 579 4006 docetur,
596 3961 611 3996 a
627 3939 782 3994 Stoicorum
800 3935 923 3990 doctrina
942 3931 1053 3986 minime
1071 3929 1187 3986 alienum

108 4031 192 4086 luerit.
228 4032 325 4105 Neque
349 4031 426 4086 aliter
445 4041 558 4086 statuere
582 4029 624 4084 isti
649 4037 789 4100 poteraut,
816 4023 862 4095 qui
881 4037 981 4090 corpus
998 4035 1053 4072 esse
1072 4017 1189 4076 animam

109 4132 260 4188 amarem,
285 4121 360 4192 quod
379 4119 521 4192 Chrysippi
538 4129 564 4174 et
580 4115 698 4172 Zenonis
714 4123 858 4168 sectatores
877 4107 1008 4164 censuisse
1027 4105 1097 4160 idem
1118 4108 1188 4160 lom-

107 4209 209 4264 lslitlsus
226 4210 245 4264 l.
265 4209 283 4262 l.
302 4230 329 4280 p.
348 4211 400 4264 814
419 4207 516 4275 tradit]
