2972 4836
683 353 969 396 *LXX-

284 507 359 568 haec
374 501 518 568 Suetonii
540 501 637 564 verba
657 499 854 583 aliquantum
873 504 1010 582 firmant,
1032 507 1176 587 multoque
1190 507 1372 587 crespionis

283 621 430 673 centnm
450 609 605 671 ammedera
625 627 663 668 tto
685 607 855 684 distinguere
875 623 903 671 et
924 611 1066 672 demere
1086 613 1211 684 corneti,
1230 611 1282 670 sub'
1299 611 1370 670 istrie

282 733 332 774 nen
354 715 402 772 ulii
418 724 572 794 praetereo
590 716 793 786 grammatices
812 719 892 790 porti
909 715 1029 790 deditus,
1051 712 1096 771 ita
1112 720 1147 770 ut
1163 708 1284 770 Probus
1301 727 1368 770 non

283 813 345 875 alio
367 833 461 895 quam
484 812 679 892 grammatici
701 812 830 893 proprie
853 811 930 875 dicti
951 813 1077 876 nomine
1099 811 1211 891 dignus
1230 831 1295 874 ease
1318 813 1369 875 vi-

285 914 404 978 deatur.
447 916 511 977 lam
533 915 668 998 quaein
685 915 761 976 Vita
781 928 993 996 exponuntur,
1015 915 1142 978 adrem
1164 912 1367 976 domesticam

286 1031 317 1080 et
344 1019 529 1084 litterariam
551 1018 651 1080 Persii
679 1017 912 1100 amicorumque
935 1031 1058 1082 tantum
1086 1037 1150 1080 non
1177 1016 1368 1096 pertinentia

287 1122 411 1199 omnia,
433 1123 460 1184 ei
481 1120 732 1202 comparaveris,
752 1140 828 1182 num
852 1119 937 1182 credi
957 1141 1049 1202 posse
1070 1119 1197 1184 videtur
1218 1131 1367 1199 excerpta

285 1245 321 1286 ea
348 1245 414 1288 asse
436 1247 476 1288 ex
497 1225 702 1288 adnotatione
729 1221 819 1284 arida
843 1224 898 1284 illa
919 1224 1015 1287 Probi
1039 1244 1124 1286 mere
1145 1219 1368 1302 grammatica?

285 1326 375 1391 Adde
401 1329 516 1392 mirum
545 1327 648 1392 videri
676 1326 809 1405 debere,
844 1325 929 1408 quod
952 1347 1049 1408 quum
1074 1323 1225 1408 quosdam
1247 1337 1368 1405 poetae,

285 1430 318 1490 iu
338 1450 418 1512 quoe
440 1432 562 1496 Probus
584 1443 809 1496 commentatus
831 1442 893 1506 eet,
924 1427 1050 1490 aliunde
1071 1427 1230 1504 norimus,
1259 1429 1368 1506 Virgi-

215 1535 219 1546 '
285 1532 380 1609 lium,
412 1535 612 1612 Terentium,
645 1535 683 1597 de
706 1535 820 1617 quibua
843 1551 874 1593 v.
898 1531 1038 1593 labnium
1062 1552 1094 1611 p.
1107 1551 1189 1608 ω,
1222 1549 1368 1592 curarum

287 1634 354 1696 eiua
374 1634 408 1696 iu
429 1636 570 1698 Persium
592 1637 733 1719 alioquin
755 1636 842 1696 nulla
863 1631 917 1695 fiat
942 1632 1071 1694 mentio.
1120 1633 1266 1716 Denique
1286 1632 1368 1695 edii·

287 1735 335 1798 cio
365 1736 450 1818 quod
480 1739 656 1817 gravissimi
677 1739 711 1798 in
732 1738 790 1798 bac
812 1756 848 1796 re
869 1735 1020 1796 momenti
1040 1756 1106 1797 ease
1127 1734 1253 1798 videtur
1273 1757 1368 1816 argu·

286 1849 436 1918 mentum,
456 1861 476 1900 a
493 1841 603 1902 labnio
625 1838 751 1922 quidem
771 1857 834 1899 non
852 1839 1036 1916 neglectum,
1057 1837 1111 1900 eed
1131 1850 1272 1902 extremo
1286 1840 1367 1918 loco,

286 1941 419 2004 iorteese
433 1942 518 2025 quod
535 1964 573 2006 eo
587 1940 727 2023 pondere
747 1953 848 2006 totum
864 1938 967 2019 ipeiua'
978 1938 1154 2002 aedificium
1169 1940 1367 2004 artificiosius

287 2055 480 2108 exstructum
503 2048 653 2108 obrutum
675 2045 716 2105 iri
738 2041 947 2124 praevideret,
970 2044 1107 2123 positum
1130 2067 1161 2124 p.
1174 2066 1263 2108 nutu.
1304 2044 1368 2106 Re-

287 2147 349 2210 icrt
371 2150 455 2210 enirn
476 2150 660 2211 Parrbasiae
683 2148 824 2228 epistolia
847 2146 953 2229 (Grut.
975 2147 1085 2227 Lamp.
1109 2149 1148 2209 T.
1168 2150 1191 2210 t.
1219 2171 1251 2228 p.
1270 2147 1365 2232 tam:

288 2250 407 2328 „lucidi
426 2253 461 2314 in
488 2253 584 2314 Probi
605 2251 797 2330 grammatici
823 2249 1062 2312 commentarios
1083 2249 1117 2311 iu
1139 2252 1270 2330 primam
1291 2253 1368 2312 Per·

288 2353 328 2415 aii
349 2365 495 2435 satyram,
516 2379 570 2416 uon
587 2344 645 2417 ilios
661 2362 710 2439 qui
721 2357 839 2417 Cornuti
851 2359 958 2415 nomine
974 2350 1217 2433 circumferamur,
1240 2366 1271 2416 et
1286 2372 1368 2435 quos

289 2456 476 2519 Hermolaus
499 2469 533 2518 ut
554 2457 652 2519 Probi
674 2456 748 2518 citat
770 2457 797 2518 ll
812 2456 916 2536 castig.
933 2455 966 2516 in
983 2455 1065 2517 Plin.
1086 2454 1119 2517 in
1140 2457 1235 2517 aerbo
1254 2459 1368 2534 Barba,

289 2557 345 2622 sad
375 2561 454 2622 alios
484 2561 577 2640 longe
607 2559 720 2621 maiori
750 2579 824 2620 cura
854 2579 889 2620 ac
919 2558 1043 2638 ingenio
1074 2557 1278 2638 compositoe'’
1308 2570 1366 2620 etc.

290 2663 376 2726 Haec
397 2684 495 2745 quum
514 2665 602 2725 nullo
624 2661 719 2724 modo
742 2660 781 2723 ed
798 2661 962 2743 Berytium
981 2661 1094 2724 referri
1111 2681 1202 2741 pocae
1216 2661 1284 2742 ipae
1298 2661 1369 2722 lab·

290 2764 361 2826 niue
385 2769 580 2845 concesserit,
600 2787 759 2850 quumque
780 2766 868 2828 nulla
889 2785 994 2826 cauma
1015 2765 1066 2843 ait,
1087 2762 1171 2845 quod
1190 2763 1368 2841 Parrhasio,

288 2867 409 2929 bomini
428 2868 557 2929 minime
572 2868 722 2946 mendaci,
745 2866 837 2930 fidem
859 2866 1056 2947 denegemus,
1076 2876 1164 2947 patet
1184 2864 1224 2928 de
1244 2865 1367 2928 iuniore

291 2971 394 3034 Probo
415 2970 543 3034 omnino
565 2970 762 3052 cogitandum
786 2990 862 3049 esse,
883 2990 921 3031 eo
940 2970 1059 3032 facilius
1080 2966 1283 3047 admittendo,
1304 2987 1367 3051 quo

290 3075 398 3154 plures
416 3075 597 3138 eonomine
615 3073 808 3154 grammatici
822 3074 996 3136 recentiore
1018 3085 1120 3134 aetate
1141 3071 1268 3149 inerint,
1289 3091 1368 3153 quo·

291 3197 363 3237 rum
391 3198 471 3240 unua
500 3178 633 3239 istorum
657 3177 953 3238 commentariorum
980 3188 1089 3237 auctor
1116 3173 1224 3235 haberi
1253 3184 1367 3253 potest.

292 3275 394 3338 Simul
419 3277 610 3340 veroetiam
633 3289 734 3357 patet,
764 3276 848 3338 baud
868 3277 933 3338 levi
953 3276 1056 3357 premi
1075 3276 1251 3357 suspicione
1272 3275 1368 3337 inter·

292 3379 462 3462 polationia
483 3399 598 3441 nomen
620 3376 698 3440 illud
722 3381 828 3440 Valeria·
844 3377 951 3439 Probo
972 3378 1005 3440 in
1026 3377 1116 3440 codd.
1137 3377 1306 3454 adiectum,
1329 3376 1367 3439 de

294 3503 358 3566 quo
388 3480 527 3544 dubitari
556 3499 647 3560 posse
675 3480 738 3540 iam
766 3499 861 3560 supra
889 3477 1072 3542 adnotatum
1097 3492 1155 3544 eat.
1207 3479 1367 3562 Quidquid

292 3605 369 3650 vero
391 3585 484 3646 buius
504 3583 552 3646 rei
571 3595 676 3646 eat-
692 3603 763 3644 nem
783 3583 915 3644 multum
938 3583 1023 3647 abeat
1044 3596 1079 3644 ut
1101 3581 1247 3663 expedita
1265 3579 1369 3644 videa·

293 3702 356 3768 tur,
378 3686 474 3749 immo
496 3685 591 3746 tantia
613 3685 750 3746 tenebris
772 3705 807 3746 ea
828 3683 982 3761 obruitur,
1004 3696 1039 3744 ut
1061 3685 1140 3746 certi
1161 3705 1217 3764 eqo
1242 3682 1368 3767 quidem

292 3793 374 3856 nibil
392 3789 556 3872 dispiciam
576 3821 619 3834 -
639 3787 672 3847 in
696 3787 765 3848 luce
787 3788 870 3847 clara
890 3787 1025 3866 positum
1048 3809 1114 3850 ease
1134 3786 1270 3864 videtur,
1292 3786 1369 3846 Cor-
1482 3863 1483 3870 ἵ

292 3909 370 3960 nuto
395 3889 609 3957 commentarii
630 3888 679 3950 illi
705 3873 880 3970 siquidem
903 3887 1059 3969 eripiendi
1079 3901 1169 3967 sunt,
1206 3889 1292 3950 cuius
1313 3907 1369 3948 uo·

294 3997 373 4060 mini
393 3993 576 4075 adsignandi
596 3993 621 4056 ii
640 3992 714 4069 sint,
733 3990 860 4052 minime
882 4003 1033 4070 constare,
1053 3995 1134 4056 nulli
1155 4009 1231 4054 vero
1249 3989 1382 4051 minore·

294 4121 364 4160 cum
386 4097 618 4180 probabilitatis
642 4092 746 4180 specie
769 4113 864 4176 quam
884 4094 989 4156 Probo
1010 4095 1140 4178 Berytio
1162 4093 1269 4157 tribui.

664 4231 1000 4264 ann-*⁸*-
