2972 4836
700 357 737 368 ··
802 343 881 386 nrt
944 355 986 372 ···

302 488 436 550 lotione:
463 489 601 566 „Auctor
623 490 706 554 vites
721 491 820 554 Persii
842 492 885 554 eit
908 490 1081 554 Cornutum
1101 489 1199 550 mults
1217 485 1413 568 reliquisse

303 591 520 671 philosophiae
545 611 617 654 sune
640 606 850 659 monumento.
895 594 938 654 En
957 591 1103 656 viderunt
1121 588 1283 668 Origenes,
1306 591 1410 650 Por-

301 693 446 773 phyrius,
467 693 665 773 lamblichus,
685 695 846 778 Syrisnus,
869 695 1031 771 Stobaeus,
1053 692 1232 773 Simplicius
1251 703 1282 752 et
1301 690 1409 752 alii.'’

387 793 436 856 Ad
456 795 683 878 huncquoque
702 799 897 860 Phornutum
920 818 973 859 seu
995 797 1101 876 potius
1120 795 1294 856 Cornutum
1314 795 1407 854 bre·

303 917 373 960 vem
396 895 435 958 de
458 899 597 976 cometis,
619 899 695 980 rupi
719 901 888 982 κομητῶν,
909 910 1073 960 trectetnm
1097 897 1187 977 operi
1208 894 1246 956 de
1271 907 1404 956 natura

303 997 433 1060 deorum
456 998 488 1060 in
513 999 589 1061 cod.
613 999 680 1061 MS.
707 1000 918 1061 Laurentiano
940 999 1117 1062 immediate
1139 997 1312 1060 subiectum
1338 1018 1404 1058 re·

303 1102 365 1161 sert
390 1100 563 1164 Bendinius
586 1101 685 1164 Cstnl.
705 1103 788 1163 Bibl.
809 1103 902 1164 [nur.
932 1104 970 1164 T.
991 1104 1029 1164 ll.
1062 1125 1092 1181 p.
1115 1104 1196 1164 449:
1232 1100 1282 1162 cui
1311 1119 1401 1160 con-

303 1205 439 1266 iecturne
460 1205 622 1284 suffragari
645 1204 720 1266 dicit
741 1208 850 1282 verbs,
879 1198 1190 1288 &persentiscerem
1213 1204 1400 1284 κομητῶν,

302 1305 432 1385 singulis
450 1308 550 1369 libelli
571 1308 692 1388 paginis
711 1308 895 1387 epigraphes
913 1307 1011 1366 instar
1026 1303 1181 1385 apposite,
1200 1322 1236 1363 ec
1250 1322 1399 1384 sequen-

302 1421 366 1470 tem
398 1410 659 1490 subscriptionem
693 1409 726 1468 in
758 1407 822 1469 fine
853 1408 958 1469 rubris
988 1407 1102 1467 litteris
1134 1417 1292 1466 exaratam
1325 1405 1396 1465 boc

304 1511 414 1574 modu:
438 1507 702 1597 μετεγροὶφηοαν
726 1511 779 1578 καὶ
802 1512 844 1578 rei
869 1505 1041 1593 πορόντα,
1066 1505 1141 1592 ires
1166 1505 1395 1590 Φρουνοῦτου

304 1615 379 1698 περὶ
406 1615 499 1680 θεῶν
521 1615 576 1680 ναί
599 1615 675 1698 περί
699 1615 855 1700 κομητῶν
879 1607 933 1682 cleti
955 1607 1062 1700 χειρός
1084 1615 1171 1694 ἐμοῦ
1195 1622 1251 1675 etc.
1266 1608 1306 1695 *).

305 1731 589 1754 ...ms-.-

305 1813 378 1886 sputl
398 1811 532 1866 Wslsiunt
556 1812 588 1865 T.
608 1812 665 1880 vlt,
685 1817 709 1866 2.
734 1832 759 1884 p.
777 1815 844 1868 931:
868 1809 948 1862 Δοιετ
968 1808 997 1860 tt
1021 1803 1203 1878 ὅΚορνοῦτος
1228 1813 1390 1879 σαφέστερον

305 1905 365 1970 περὶ
384 1897 470 1952 oticsis
488 1903 567 1952 είιεετν
586 1939 593 1952 .
611 1940 618 1954 .
642 1937 648 1950 .
668 1905 745 1970 eequis
763 1887 808 1952 οῦν
826 1894 840 1950 o‘
857 1900 1022 1966 Κορνοῦτος,
1036 1899 1129 1968 ,peliis
1152 1902 1207 1950 iore
1229 1897 1319 1970 μόριον
1337 1898 1386 1950 λα’-

303 2009 351 2055 γοο
366 1995 527 2056 συγκείμενον
542 1991 566 2048 ἓξ
581 1985 713 2050 ὀνομάτων
731 1989 778 2040 δύο
798 1984 814 2057 ἢ
832 1991 877 2038 ναί
895 1983 1024 2052 πλειόνων,
1041 1987 1152 2040 τελειοῦν
1169 1991 1211 2039 ini
1227 1991 1304 2057 μίρος
1320 1984 1385 2040 διὰ-

303 2095 390 2142 νοιειν,
409 2071 466 2128 εἶτα
484 2071 654 2145 supersessis
672 2081 828 2146 οαοίοτερον
845 2073 891 2128 acis
908 2075 984 2142 λόγον
1002 2079 1130 2144 ἐποίησεν,
1147 2079 1313 2142 εἐιιμνροθείς
1332 2071 1384 2126 nri·

304 2169 368 2218 τοῦ·
387 2167 469 2218 οὖλον
485 2161 537 2234 γάρ
555 2168 610 2216 lore
628 2166 745 2222 διανοίας
762 2168 839 2233 μίρος
855 2160 998 2233 ιείιαριίζον
1016 2159 1080 2233 προς
1094 2163 1179 2232 ε”ιεροι
1197 2164 1278 2212 ναῦλον
1294 2180 1384 2230 anpu-

304 2259 430 2316 κείμενον·
458 2248 488 2304 sti
510 2247 577 2319 γιὶρ,
604 2254 626 2302 εὶ
649 2248 695 2302 νῦν
716 2248 845 2320 γορεοτήν
869 2249 929 2304 ericii
948 2248 961 2303 ὅ
979 2254 1157 2321 ειροοναλίοος
1175 2247 1383 2318 disparuisset,

306 2343 387 2394 seiles
404 2343 450 2400 μίν
467 2341 522 2390 iore
540 2341 642 2405 σαφοῦς,
670 2335 716 2390 οῦν
735 2333 768 2392 ἂν
785 2343 813 2392 st
832 2343 986 2411 εἰλικρινῶς,
1011 2338 1071 2393 οῦδὲ
1096 2337 1144 2409 τήν
1162 2343 1202 2390 lai
1219 2341 1293 2408 piper
1311 2357 1382 2407 πορ-

305 2433 410 2496 ίοιηοεν
429 2425 490 2494 ἡμῖν
509 2427 626 2480 διάνοιαν
648 2424 685 2496 μή
709 2430 903 2498 προοίιιβιῦοι·
929 2427 974 2482 νῦν
999 2431 1028 2482 til
1050 2425 1163 2498 γορργᾶν
1187 2422 1268 2480 oriris
1290 2421 1382 2478 saluti

304 2511 438 2580 οειγνὸςοος
464 2511 494 2566 ον’
519 2515 595 2568 tetro
613 2519 697 2585 διἰιιγν.
734 2515 914 2583 Διαλομβῦιιι
938 2522 967 2570 «tt
993 2523 1037 2570 ναί
1059 2523 1117 2587 rupi
1141 2518 1190 2568 τοῦ
1212 2510 1342 2578 κόμματος
1366 2509 1379 2564 ci

303 2605 466 2672 Κορνοῦτος,
484 2605 573 2664 capric
592 2597 686 2656 οῦτνοί
705 2607 798 2671 λλγοιν·
822 2607 908 2668 κόμμα
925 2610 981 2659 ieri
999 2607 1073 2671 λόγος
1091 2601 1210 2656 διάνοιαν
1229 2605 1314 2671 ιίρλῦν
1329 2603 1377 2654 δύο

303 2687 411 2762 ἢτρισί
428 2695 539 2758 urus»,
557 2689 608 2744 οἶόν
626 2695 681 2744 ίοτι
698 2690 745 2744 ci·
770 2697 852 2762 repelle
869 2691 951 2760 ι’ἱγαν,
971 2699 1015 2746 ναί
1032 2695 1076 2744 τό·
1102 2694 1188 2760 γνῶθι
1204 2691 1307 2744 σαυτόν.
1340 2689 1377 2744 Es

303 2777 417 2835 Cornuti
444 2778 512 2831 libro
539 2779 570 2828 de
588 2777 693 2847 figuris
717 2781 930 2838 sententiarum,
953 2782 987 2836 ‹le
1012 2799 1066 2853 quo
1085 2781 1223 2852 dispulerit
1242 2779 1378 2833 lllertinius

304 2885 330 2935 p.
344 2867 388 2930 ⁹⁴,
407 2883 495 2936 nuper
513 2865 590 2918 etiam
611 2865 716 2926 labnius
734 2887 761 2937 p.
776 2884 829 2933 xre,
847 2870 1002 2939 posterioris
1022 2870 1149 2940 temporis
1167 2868 1285 2922 rhetoras
1303 2866 1376 2919 veluti

304 2950 344 3005 Cl.
357 2952 529 3006 Sacerdotem
548 2953 664 3024 argutias
682 2973 742 3008 suas
759 2955 904 3020 adscit-isse,
924 2955 1071 3011 Lobeclrius
1089 2959 1115 3009 in
1134 2956 1210 3008 Actis
1227 2974 1280 3008 soc.
1295 2953 1377 3006 Grae-

303 3061 350 3098 cse
367 3031 400 3094 'll'
416 3040 447 3096 ll.
474 3061 500 3112 p.
519 3045 571 3096 8⁰9
596 3043 744 3114 suspicatus
767 3055 821 3109 est,
849 3044 918 3097 iusto
940 3045 1058 3118 iniquius
1076 3042 1109 3095 ds
1128 3041 1240 3096 Cornuti
1259 3041 1375 3095 doctrina

303 3128 434 3184 rhetorica
460 3130 617 3184 existimans.
662 3131 703 3186 De
727 3131 813 3195 libro,
843 3151 923 3203 quem
948 3132 1071 3187 adsersus
1088 3130 1292 3185 Athenodorum
1309 3129 1376 3182 Τοι-

302 3236 420 3281 mosem,
446 3229 475 3270 ut
493 3219 609 3282 ridetur,
634 3217 745 3289 Augusti
763 3231 876 3274 aetatem
898 3220 1038 3274 florentem
1057 3221 1094 3290 (r.
1113 3218 1222 3272 Martio.
1240 3237 1264 3288 p.
1280 3216 1326 3282 35)
1343 3215 1375 3268 dc

304 3301 450 3357 Aristotelis
473 3304 613 3375 categoriis
631 3303 767 3360 Cornutus
784 3308 917 3379 scripsisse
937 3307 1050 3374 dicitur,
1076 3319 1135 3380 post
1152 3306 1268 3360 eundem
1286 3303 1375 3356 Marti-

304 3391 378 3442 ninm
397 3411 423 3462 p.
441 3393 476 3445 93
495 3411 582 3464 nuper
601 3393 732 3464 quaedem
751 3396 838 3450 attulit
855 3395 962 3450 lahnius
981 3417 1007 3468 p.
1026 3414 1056 3460 x,
1084 3415 1165 3468 qoem
1190 3395 1269 3449 etiam
1292 3412 1317 3462 p.
1333 3405 1374 3442 tut

304 3478 412 3544 conice,
435 3482 527 3548 τεχνην
545 3477 684 3550 ῥητοριιήν
703 3479 840 3536 Cornutus
860 3501 952 3554 reapse
970 3503 1003 3536 nu
1023 3484 1172 3556 scripserit,
1196 3480 1268 3553 quod
1287 3477 1372 3532 lllrrti-

304 3566 365 3620 nins
389 3567 406 3620 l.
429 3567 445 3618 l.
471 3579 632 3632 asseruerat,
661 3569 819 3624 indubium
840 3583 985 3626 vocantem.
1027 3574 1055 3626 ln
1081 3591 1136 3644 quo
1155 3582 1211 3624 toto
1233 3568 1373 3623 studiorum

302 3671 409 3724 genere,
428 3654 501 3724 quod
518 3667 621 3724 spectet
639 3655 671 3708 ad
689 3654 858 3725 rhetoricam,
876 3677 931 3712 non
948 3679 1112 3732 magnopere
1126 3658 1282 3722 errabimus,
1297 3673 1373 3726 quom

303 3739 466 3807 Cornutum,
486 3761 540 3813 quo
559 3743 626 3796 duce
645 3743 671 3795 in
692 3743 761 3796 libro
779 3745 811 3796 de
831 3757 925 3798 nature
944 3746 1055 3800 deorum
1071 3745 1212 3800 scribendo
1226 3763 1286 3796 eum
1303 3761 1373 3796 osum

302 3848 357 3882 esse
370 3830 396 3882 io
412 3839 550 3901 comperto
569 3829 703 3895 hahemus,
722 3831 838 3884 eundem
855 3832 933 3885 etiarn
952 3833 995 3888 hic
1011 3835 1174 3904 potissimum
1191 3842 1307 3886 secutum
1324 3849 1372 3882 esse

303 3925 456 3972 statuamus.
484 3917 526 3971 tic
535 3929 636 3972 constat
645 3917 823 3988 Chrysippum
836 3937 896 3971 cum
908 3917 957 3972 alis
967 3921 1048 3973 multa
1059 3921 1092 3972 de
1101 3919 1232 3974 rhetorica
1241 3917 1371 3988 scripsisse,

303 4013 360 4058 lum
378 4007 456 4058 etism
476 4006 509 4059 de
528 4005 704 4074 erapltiboline
722 4006 824 4060 ratione
845 4006 973 4076 pluribus,
992 4019 1056 4061 teste
1071 4008 1202 4078 Diogene,
1219 4005 1320 4078 scriptis
1333 4025 1372 4056 er·

305 4091 428 4161 posuisse.
466 4092 508 4146 Cf.
523 4091 609 4164 Bergk
624 4093 728 4148 Cnmm.
741 4093 774 4147 de
791 4091 932 4164 Chrysippi
945 4093 1019 4148 libris
1034 4099 1093 4164 rupi
1107 4093 1275 4154 deserueris
1291 4093 1370 4162 pte]

376 4179 400 4245 ')
418 4179 509 4245 [llunc
527 4179 650 4236 Bardinii
670 4202 790 4238 errorent
810 4181 932 4252 castigari
958 4181 984 4234 in
1011 4181 1122 4252 prem.
1148 4183 1196 4238 litt.
1225 4181 1282 4234 ttat.
1301 4181 1369 4234 1832.
