2972 4836
691 377 732 393 ···
777 367 855 409 1.th
921 379 964 393 ···

292 513 524 591 grammaticum
545 513 680 596 uixisse,
699 537 793 600 quem
816 517 883 579 iure
905 535 965 596 pro
988 511 1200 578 comatentarii
1223 509 1381 593 perpetui

292 629 418 680 atrctore
433 619 541 681 haberi
557 640 647 700 posse
662 621 730 682 veri
747 643 840 704 quam
860 619 995 681 maxime
1011 617 1111 680 simile
1127 615 1178 694 sit,
1192 615 1380 676 illam-sero

291 719 481 782 scholiorum
503 734 642 802 partem,
670 743 749 805 quae
773 723 980 805 antiquiorem
1003 720 1155 799 originem
1179 715 1307 797 prodat,
1330 735 1378 778 ex

292 823 413 884 Valerii
434 825 528 886 Probi
549 825 727 906 Berytensis
751 825 944 905 grammatici
973 819 1204 884 commentariis
1232 819 1306 880 olim
1337 819 1378 878 in

291 924 430 986 Persium
452 927 576 1007 scriptis
595 927 763 989 subiectam
784 947 859 989 esse.
902 927 987 986 llaec
1004 936 1050 986 est
1065 943 1184 986 sumana
1198 920 1377 985 sententiae

291 1047 309 1086 n
332 1028 439 1088 lshnio
462 1029 657 1110 propositae,
679 1030 825 1111 speciosis
848 1026 974 1110 quidem
997 1045 1070 1087 saue
1093 1025 1284 1103 argumentis
1304 1042 1377 1086 ιιιι-

292 1137 446 1206 tentatae,
477 1151 534 1191 nec
564 1143 666 1191 tamen
693 1142 754 1192 tam
784 1131 948 1209 gravibus,
981 1137 1015 1189 ut
1038 1150 1055 1187 a
1078 1129 1200 1207 vulgari
1222 1125 1374 1207 opinione

292 1230 358 1291 sine
388 1251 476 1293 mora
505 1231 663 1302 discedere
693 1253 848 1316 cogamur.
898 1232 1002 1313 Atque
1033 1227 1166 1310 proinde
1196 1251 1214 1290 a
1246 1229 1373 1292 nensine

292 1352 354 1394 non
377 1333 582 1415 intelligitur,
613 1357 709 1418 quum
735 1355 797 1398 non
827 1333 921 1396 modo
947 1333 1131 1413 simpliciter
1156 1332 1290 1396 Cornuti
1313 1333 1373 1393 ali·

270 1435 396 1512 'cuius,
427 1436 479 1498 ssd
505 1439 624 1500 Annaei
647 1438 797 1516 Cornuti,
827 1449 857 1499 et
885 1435 1011 1520 quidem
1040 1435 1083 1498 ita
1107 1447 1140 1496 ut
1163 1435 1373 1515 philosophus

291 1538 454 1620 Persiique
483 1541 630 1619 magister
658 1540 867 1620 significetur,
897 1539 1023 1600 nomine
1050 1537 1289 1600 commentarius
1311 1537 1374 1600 iste

291 1639 324 1699 in
355 1641 498 1720 plurimis
529 1641 685 1704 codicibus
716 1644 921 1718 inscribatur,
954 1639 1008 1702 sed
1037 1641 1131 1702 etiam
1162 1638 1262 1700 Persii
1288 1641 1374 1702 Ιιιιιιο

292 1743 473 1822 magistrum
496 1744 527 1803 in
551 1743 696 1825 discipuli
718 1745 821 1806 satiris
842 1740 1007 1823 vulgandis
1024 1740 1276 1822 adornandisque
1295 1759 1374 1821 ope·

291 1865 360 1906 rem
387 1843 508 1906 dedisse
536 1847 611 1908 satie
639 1867 795 1930 superque
820 1857 957 1922 constet,
987 1847 1066 1907 benc
1091 1853 1236 1908 ueterum
1257 1845 1373 1906 lamam

293 1967 355 2009 uon
381 1967 472 2028 posse
493 1948 587 2009 aliter
610 1950 724 2030 repelli
753 1969 847 2031 quam
876 1945 1136 2026 demonstrando,
1166 1948 1216 2010 vel
1242 1947 1373 2009 Annaeo

293 2049 436 2112 Cornuto
465 2053 719 2114 commentarium
750 2071 879 2132 prorsus
906 2071 973 2114 sess
997 2049 1179 2129 indignum,
1209 2051 1262 2112 vel
1281 2069 1375 2128 argu·

293 2165 407 2228 ments,
430 2153 543 2235 quihus
566 2155 821 2215 commentarium
844 2151 1013 2215 recentiori
1035 2153 1178 2213 Cornuto
1193 2148 1375 2212 adscriben-

294 2251 368 2314 dum
391 2273 456 2316 esse
477 2255 647 2336 probetur,
675 2256 755 2317 tanti
776 2275 842 2318 sese
864 2255 1029 2330 momenti,
1056 2267 1090 2316 ut
1113 2255 1175 2315 nisi
1196 2255 1251 2336 qui
1273 2254 1375 2334 perti·

294 2375 368 2418 uass
382 2366 485 2416 niente
497 2356 624 2418 omuino
639 2358 735 2419 luerit
752 2358 892 2438 ipsorum
906 2355 1045 2438 pondere
1061 2374 1123 2418 non
1136 2355 1375 2436 persuadentur.

293 2458 356 2518 lam
379 2455 464 2539 quod
487 2459 591 2538 primo
611 2461 681 2522 loco
704 2460 805 2542 posui,
830 2457 863 2520 id
886 2477 981 2540 quum
1005 2477 1046 2518 ex
1067 2457 1115 2535 iis,
1137 2477 1216 2539 quas
1239 2454 1277 2518 de
1298 2458 1374 2518 illo-

292 2578 362 2621 rum
392 2559 583 2621 scholiorum
613 2559 719 2622 indole
749 2563 782 2622 in
812 2561 1027 2641 superloribus
1055 2560 1150 2620 allata
1181 2569 1271 2635 sunt,
1303 2570 1372 2620 tuns

294 2661 429 2722 maxime
459 2682 498 2723 ex
527 2663 596 2744 ipsa
624 2664 724 2724 labnii
752 2664 944 2726 confessione
967 2663 1041 2725 satis
1063 2661 1263 2742 profligatum
1284 2660 1374 2725 vidc-

295 2775 365 2839 tur‚
386 2775 421 2826 ut
443 2765 524 2826 nihil
545 2762 619 2826 eddi
641 2781 720 2846 opus
741 2766 793 2826 sit.
836 2765 918 2826 Nam
940 2785 1036 2846 quum
1059 2766 1127 2845 ipse
1150 2763 1265 2826 diserte
1286 2763 1372 2826 sliir·

295 2867 406 2942 merit,
434 2867 535 2926 inesse
556 2866 590 2926 in
613 2869 737 2930 scholiis
758 2869 926 2945 nonnulla,
955 2887 1036 2950 quae
1057 2869 1096 2929 ab
1119 2868 1249 2949 antiquo
1270 2887 1372 2946 gratu

294 2968 406 3030 matico
422 2969 594 3031 necessario
610 2970 780 3050 repetenda
798 2971 973 3048 videantur,
995 2970 1075 3032 nihil
1096 2989 1222 3034 caussae
1241 2981 1371 3051 estque

294 3071 397 3134 minus
425 3091 491 3132 eam
518 3072 707 3135 scholiorum
737 3071 963 3149 conditionem,
991 3091 1082 3153 qttom
1105 3091 1201 3152 supra
1224 3071 1371 3152 exposui·

294 3193 372 3250 mus,
395 3173 544 3253 citiusque
566 3175 721 3236 rationem
744 3187 774 3234 et
796 3173 948 3252 originem
965 3173 1003 3234 in
1025 3173 1170 3255 plurimis
1192 3173 1258 3234 eius
1279 3191 1372 3251 gene·

295 3276 337 3336 ris
360 3275 590 3338 commentariis
613 3276 785 3337 obtinuisse
813 3276 896 3338 idem
923 3275 1049 3337 labnius
1075 3297 1108 3355 p.
1132 3295 1206 3337 oxw
1234 3277 1371 3354 agnouit,

293 3398 359 3441 esse
388 3399 544 3458 negemus.
595 3376 655 3437 cai
683 3379 856 3440 sententias
881 3389 1007 3458 praeter
1034 3377 1107 3438 illos
1136 3377 1221 3440 uiros
1251 3376 1370 3455 doctos,

293 3501 373 3563 quoe
402 3502 496 3562 supra
525 3483 782 3559 commemoravi,
813 3481 892 3544 alios
918 3501 1045 3564 quoque
1072 3478 1246 3542 adhaesisse
1275 3493 1370 3563 atque

248 3641 250 3647 ,
292 3584 350 3646 bos
373 3585 456 3644 inter
473 3581 662 3647 Crenaerum
682 3603 817 3668 quoque,
840 3605 934 3667 quem
956 3583 1086 3647 honoris
1107 3603 1213 3646 caussa
1233 3585 1370 3664 appello,

292 3685 415 3748 mouerit
437 3683 520 3746 idem
543 3707 576 3767 p.
592 3707 676 3750 cxcv.
720 3686 807 3763 Quae
829 3708 927 3770 quum
947 3687 991 3750 ita
1011 3689 1088 3765 sint,
1110 3684 1149 3748 de
1171 3685 1299 3748 alteriue
1320 3707 1370 3748 sr-

294 3789 443 3868 gumenti,
464 3787 550 3870 quod
573 3791 673 3870 posui,
699 3791 853 3870 gravitate
875 3788 1101 3873 quaerendam,
1120 3802 1151 3852 et
1174 3789 1278 3869 primo
1299 3789 1370 3871 qui·

295 3889 365 3954 dem
387 3891 425 3954 de
449 3893 549 3954 altero
572 3891 712 3954 Cornuto
734 3894 806 3971 illo,
836 3912 930 3975 qoem
952 3892 1076 3954 labnius
1099 3890 1160 3952 sibi
1181 3891 1292 3969 linxit,
1321 3891 1370 3952 iu-

295 3994 395 4054 niore.
438 3996 543 4074 Atque
566 3994 662 4056 totius
688 3995 965 4073 argumentationis
993 3993 1228 4057 lundomentum
1255 3993 1371 4058 nititur

295 4115 348 4170 eo,
372 4093 457 4177 quod
481 4097 535 4177 qni
557 4097 589 4158 in
612 4094 715 4158 codice
737 4093 874 4177 quodam
895 4098 972 4159 bibl.
993 4095 1162 4159 Beruensis
1183 4109 1370 4160 commenta·

294 4197 360 4258 rius
381 4197 413 4258 in
434 4195 612 4260 luvenalem
635 4199 818 4280 exhibetur,
842 4217 934 4282 quem
956 4199 988 4262 in
1012 4198 1122 4262 eodem
1143 4199 1293 4265 continuo
1315 4221 1369 4263 ex·
