3008 4868
545 346 781 408 ...309-

123 507 215 564 Olear.
234 507 268 563 ud
286 505 438 563 Philostrati
451 506 538 581 Epist.
553 509 597 564 55.
616 526 643 581 p.
657 509 717 566 941.
753 507 858 566 Eudoo.
873 505 944 564 Viol.
963 527 989 579 p.
1005 511 1030 564 5.
1068 511 1100 565 V.
1114 511 1203 568 Gom-

122 615 194 651 mom
209 595 335 667 scalptam
352 597 379 650 iu
396 595 536 652 Toolheoii
552 595 679 668 Catalogo
698 595 806 652 laudato
825 613 851 666 p.
867 597 925 651 126.
961 594 987 650 Α
1006 614 1106 663 caussa,
1125 617 1204 672 quam

123 684 259 740 Cornutus
273 685 405 750 iudicarit,
422 701 478 739 uon
496 684 608 740 multum
627 685 740 740 discedit
752 682 885 740 Aristides
900 683 1012 749 Quintil.
1032 685 1066 740 de
1085 703 1153 741 mus.
1167 685 1202 742 ll.

124 791 152 843 p.
175 773 239 837 109,
266 773 313 844 qui
338 772 416 826 tibine
433 771 583 828 hlinersom
601 780 691 828 namot
712 773 856 836 abiecisse,
880 772 953 844 quod
971 773 1081 847 minim
1099 791 1203 828 conre-

122 861 239 916 nientcm
258 858 419 930 voluptatem
437 861 582 930 sapientiae
601 860 726 916 studiosis
745 859 884 924 all'errent,
901 859 1017 933 ideoque
1035 862 1215 932 sapientibus

123 945 237 1000 maxime
255 945 397 1019 fugiendae
413 957 510 1004 essent
552 946 608 1004 Nec
626 956 713 1004 umen
732 967 746 1004 a
765 946 887 1017 lingenda
898 945 1030 1012 Minerva,
1048 967 1117 1022 quac
1131 950 1203 1004 tibiis

123 1041 244 1098 caneret,
270 1043 373 1091 veteres
397 1036 510 1090 radices
528 1053 640 1107 prorsus
658 1034 850 1094 mansuetans.
887 1035 921 1090 V.
939 1033 1037 1092 Annali
1058 1037 1119 1094 dell·
1138 1037 1201 1094 lust

122 1120 238 1176 orcheol.
263 1123 338 1176 1829.
357 1138 384 1191 p.
400 1123 475 1192 295.]

193 1211 308 1277 [μέλους]
334 1208 376 1264 lle
393 1209 518 1265 tibiarum
537 1219 617 1267 contu
634 1221 798 1283 usurparunt
816 1210 961 1268 Pausanias
980 1227 1088 1283 quoque
1107 1209 1141 1276 Χ,
1159 1213 1218 1277 30,v

121 1298 138 1348 5
157 1305 184 1350 et
200 1295 351 1351 Philostrat.
370 1296 452 1368 lmsg.
471 1296 492 1364 1,
509 1301 566 1368 21.]

194 1381 242 1450 [Ἡ
255 1381 367 1436 d'llmtu
385 1389 446 1452 ete]
467 1385 559 1442 Schol.
577 1385 654 1444 iliad.
666 1394 693 1454 β,
709 1387 758 1442 156
777 1385 916 1442 Minervae
934 1403 1035 1442 sueram
1053 1385 1090 1438 nit
1107 1384 1201 1450 oleam,
1251 1401 1255 1410 ·

121 1465 156 1528 οἷς
182 1473 377 1542 καθαρωτάτης
403 1471 481 1542 οὔσης
507 1469 611 1532 oriolum·
639 1471 724 1536 posis
747 1471 799 1545 reip
825 1468 874 1542 ὕλη
899 1470 915 1542 ἦ
939 1477 1021 1528 linia.
1058 1471 1099 1527 De
1117 1474 1200 1528 sueri!

120 1557 261 1616 Minervae
280 1561 347 1616 oleis
365 1559 477 1616 Athenis
495 1560 523 1616 in
541 1560 663 1632 acropoli
685 1562 773 1616 omnia
793 1569 957 1630 occuparunt
975 1557 1005 1614 C.
1025 1558 1059 1616 0.
1078 1557 1198 1614 hluello—
1288 1570 1292 1581 ¹

121 1662 168 1700 rus
186 1648 220 1701 de
237 1646 305 1704 Min.
324 1646 382 1702 Pol.
401 1665 427 1718 p.
446 1650 489 1704 3⁰.
524 1645 674 1704 Schneider
691 1647 725 1702 ad
742 1647 917 1718 l'heophrast
942 1647 973 1700 T.
993 1647 1026 1700 V.
1052 1662 1078 1717 p.
1097 1648 1150 1702 425
1174 1656 1200 1702 et

121 1731 288 1791 Bacendstsd
312 1734 395 1790 ntem.
422 1752 469 1790 sur
492 1735 532 1790 les
555 1751 631 1792 rores
655 1733 763 1789 Purath.
788 1752 815 1805 p.
838 1736 870 1790 13
888 1751 942 1807 seq.
984 1732 1062 1790 Adde
1086 1733 1198 1804 Dionys.

120 1820 182 1876 llal.
204 1823 245 1876 ed.
264 1821 331 1878 Maii
349 1843 376 1894 p.
393 1825 425 1879 31
446 1822 489 1878 ed.
507 1823 642 1890 Franool.]

192 1911 237 1960 διά
255 1929 283 1964 τι
303 1909 333 1962 ιο·
351 1909 470 1978 editors]
490 1909 551 1964 Non
569 1926 680 1979 possum
700 1907 764 1962 mihi
781 1914 930 1978 temperare
946 1906 1011 1979 quin
1024 1907 1069 1960 hic
1082 1909 1199 1977 aliquem

120 1995 253 2050 Eustethii
272 1997 362 2050 locum
381 1997 529 2052 emendem.
563 1994 673 2051 Scilicet
690 1996 718 2049 in
736 1994 834 2066 Odyss.
853 2012 882 2058 ψ,
903 1995 961 2048 191).
980 2011 1007 2062 p.
1024 1993 1135 2058 telct
1155 1993 1198 2046 ed.

120 2083 200 2138 llom.
220 2093 247 2138 ct
264 2102 290 2154 p.
310 2085 372 2148 810,
389 2085 407 2138 4
424 2085 467 2140 ed.
485 2083 562 2150 Bas,
578 2085 625 2140 uhi
643 2083 753 2156 Ulysses
771 2084 891 2157 loquitur
908 2083 942 2136 do
959 2081 1099 2153 oleagineo
1116 2082 1198 2153 ligno.

120 2171 193 2244 quod
210 2187 260 2224 suo
279 2171 349 2226 lecto
369 2170 535 2226 conficiendo
554 2172 728 2244 adoptaverat,
746 2172 812 2228 haec
829 2179 937 2226 annotat
949 2168 1118 2226 Etrststhiuat
1136 2173 1197 2224 tet·
1254 2215 1257 2222 .

120 2261 158 2310 tst
175 2261 204 2310 dl
222 2261 383 2324 συμβολικῶς
401 2255 542 2320 ’Oducoaaie
560 2257 606 2314 eso*
622 2264 671 2316 τοῦ
690 2258 811 2314 τοιούτου
829 2255 1008 2330 τηλιθᾶιινιος
1025 2263 1068 2311 sul
1087 2260 1198 2328 hospes

120 2350 203 2407 cosei
227 2344 305 2417 ιιῗχήο
327 2347 406 2414 ipsse,
430 2349 558 2402 esttem
576 2347 644 2402 sord
661 2347 709 2404 ‘eda
725 2355 783 2416 flios
801 2355 844 2402 sul
860 2352 895 2408 ric
912 2351 995 2419 γῆρας
1012 2351 1100 2402 steen
1118 2351 1196 2399 ison·
1292 2375 1296 2390 ·

120 2431 177 2502 po'r·
205 2432 289 2494 ἄλλοις
310 2432 362 2506 reip
385 2431 451 2504 sistes
469 2431 484 2488 ὅ
500 2435 610 2509 uesperi:
627 2438 717 2508 inipetu
733 2435 793 2491 carot
811 2435 971 2507 soccessoris
989 2440 1076 2506 κλίνης
1094 2433 1196 2490 πλάσει·

120 2528 195 2584 olius,
211 2526 234 2576 ei
251 2521 288 2593 μή
305 2522 416 2578 τοιαῦτά
433 2545 493 2578 τινα
511 2522 641 2596 peterere.
669 2523 753 2579 ’'Eosas
771 2528 800 2578 di
819 2529 862 2577 sol
877 2523 963 2595 i'psspoc
976 2521 1039 2576 sivos
1053 2522 1069 2592 ἡ
1085 2513 1195 2594 sosudtp

119 2611 194 2662 ddns'u
217 2610 288 2670 ιὀιός
313 2599 379 2665 οὖσα
404 2615 489 2665 οἴκου·
517 2618 562 2664 sul
585 2603 616 2682 ἧι
635 2619 679 2666 sul
696 2609 763 2664 αὐτό
780 2613 908 2676 σύμβολον
925 2613 973 2679 τῆς
991 2611 1058 2662 sueri
1075 2606 1121 2661 to's
1138 2616 1196 2675 βίον

119 2696 226 2758 sdsotoc.
271 2697 324 2754 Pro
349 2695 449 2758 trissino
472 2715 574 2769 repone
598 2698 707 2770 adpotus.
751 2699 883 2754 Plutarch.
910 2697 1006 2753 Pericl.
1031 2715 1057 2768 p.
1079 2699 1137 2752 164.
1154 2697 1194 2751 A:

118 2784 221 2858 siiposus
238 2792 291 2840 τῶν
307 2786 475 2856 πραγμάτων.
511 2785 586 2842 idem
613 2789 640 2842 in
664 2787 748 2842 Paulo
772 2785 849 2841 Aem.
874 2804 900 2858 p.
918 2784 1023 2841 274.Ι)
1046 2795 1072 2840 el
1087 2785 1153 2839 ibid.
1173 2784 1195 2840 C

120 2874 256 2928 adversam
276 2875 410 2929 lortunem
429 2883 570 2930 vocaverat
586 2871 732 2954 μιτιιβοὶήν
751 2881 794 2926 καὶ
812 2875 972 2941 nutzpoum.
1015 2873 1090 2928 Dixit
1106 2874 1194 2930 Laea-

119 2963 171 3016 tius
188 2963 242 3016 Vit.
258 2963 356 3018 Zenon
374 2979 400 3034 p.
414 2963 468 3020 418
485 2961 587 3034 εὔροιαν
604 2969 672 3030 βίου.
707 2961 829 3016 Huiusce
848 2963 922 3016 socia
941 2963 1061 3030 exemplo
1079 2979 1095 3014 e
1114 2961 1193 3016 Sexto

118 3049 197 3118 Emp.
216 3049 243 3102 X
261 3051 320 3102 adr.
338 3048 465 3104 Mathem.
484 3048 606 3121 Epicteto
624 3048 735 3105 Euchir.
757 3053 797 3114 13,
814 3048 908 3104 Marco
926 3051 1046 3119 imperet.
1066 3048 1100 3114 ll,
1117 3051 1142 3102 4.
1162 3051 1195 3114 V,

121 3138 162 3192 11.
180 3135 215 3200 Χ,
233 3141 249 3190 6
273 3146 299 3190 ot
317 3153 333 3190 o
350 3135 451 3190 Latinis
469 3137 551 3192 hebes
569 3139 640 3210 apud
659 3137 765 3208 hienag.
784 3139 817 3192 ad
836 3137 921 3194 Laert.
941 3155 967 3209 p.
985 3139 1039 3192 298
1057 3144 1085 3190 et
1101 3135 1194 3192 Getels.
1240 3177 1243 3190 .

119 3226 152 3279 ad
176 3221 276 3276 hoton.
301 3242 327 3294 p.
346 3225 391 3278 59.
425 3222 507 3296 Apud
525 3225 643 3298 Hesyoh.
661 3222 774 3297 εὕρημα,
800 3232 932 3293 incripta,
958 3226 1005 3281 ubi
1022 3224 1081 3280 Biel
1101 3227 1197 3296 ellegot

119 3311 214 3367 lerdm.
232 3312 276 3373 45,
294 3314 319 3364 5.
355 3310 446 3368 Locus
464 3312 561 3383 legitur
578 3315 649 3386 apud
668 3313 839 3386 Septuaginta
858 3334 881 3368 c.
900 3317 943 3378 45,
960 3317 993 3378 2,
1022 3333 1076 3368 non
1094 3315 1126 3368 5:
1153 3320 1197 3367 sut

118 3405 191 3454 ἔσται
215 3394 231 3468 ἤ
255 3399 327 3468 ψιιχὴ
353 3396 435 3454 αὐτοῦ
459 3404 495 3458 sic
519 3389 618 3472 eiipsppsss
637 3409 681 3456 nal
699 3401 811 3472 ζήσεται.
847 3403 900 3456 Pro
919 3397 1018 3473 clippeo
1037 3405 1064 3457 in
1083 3401 1196 3458 Ieremia

119 3499 143 3544 et
158 3491 185 3544 in
199 3487 337 3560 Ilespchio
353 3490 466 3544 fortusse
482 3489 622 3560 legendum
638 3489 751 3560 εὔροιαν.
786 3489 817 3544 ln
837 3487 971 3543 Hebraico
991 3499 1062 3544 textu
1082 3509 1104 3544 c.
1117 3491 1162 3554 38,
1170 3495 1196 3554 2,

120 3577 191 3650 quod
212 3577 355 3648 respondet
372 3573 477 3632 Graeco
501 3576 580 3646 ospiti
598 3577 633 3632 45
659 3577 755 3647 legitur
779 3587 805 3629 et
823 3579 875 3630 ers't
892 3579 983 3630 οιιίιιιο
1002 3580 1059 3630 sios
1077 3581 1107 3630 ιἰι
1125 3595 1194 3648 sps-

120 3669 185 3722 ls'uns
204 3679 230 3722 et
246 3671 329 3722 uiuet.
366 3667 490 3722 Fortasse
510 3663 681 3736 Septuagints
697 3683 747 3736 pro
766 3665 836 3734 ¹2th
855 3667 973 3737 spolium
990 3666 1111 3735 legerunt
1130 3667 1193 3752 ablu).

119 3758 300 3829 tranquillitas,
317 3753 415 3826 sipoto,
434 3754 507 3826 quod
524 3753 685 3808 vocabulum
705 3754 794 3808 sensui
813 3753 909 3807 melius
929 3753 1059 3815 convenit,
1078 3760 1103 3804 ot
1121 3745 1193 3816 lopi-¹

118 3853 159 3897 tur
178 3861 238 3898 oum
258 3846 336 3898 affixo
354 3843 451 3898 Psalm.
471 3845 512 3906 30,
531 3845 556 3906 7,
574 3859 589 3895 ο
608 3842 663 3894 red.
684 3841 773 3907 ηῌω,
792 3842 863 3911 quod
881 3838 1030 3900 Hebraico,
1051 3834 1192 3888 Chaldaice

117 3939 142 3982 ot
160 3929 270 3998 Syrisce
288 3939 316 3982 et
332 3930 443 3988 saluus,
466 3929 650 3998 manpuillua,
673 3927 744 3996 felix
760 3928 834 3996 ficit,
860 3936 890 3978 ut
907 3922 1023 3976 Arrbioe
1044 3923 1123 3990 gebun.
1160 3919 1192 3974 ln

117 4018 178 4069 loco
198 4023 284 4068 autern
303 4013 440 4078 ieremiae,
458 4015 491 4068 de
510 4032 564 4085 quo
583 4013 627 4066 hic
646 4014 738 4082 agitur,
757 4013 861 4082 rsrlgatu
880 4011 967 4072 hahet,
986 4020 1012 4061 st
1029 4010 1080 4060 crit
1099 4011 1191 4061 enim

118 4105 174 4154 sios
192 4118 284 4172 sospes
301 4111 328 4155 et
345 4105 444 4154 niueos.
481 4099 569 4156 Arabs
588 4099 684 4170 legisse
702 4101 806 4154 ridetur
825 4095 939 4168 siipppu,
962 4115 1043 4167 quum
1062 4099 1139 4154 vertit
1157 4099 1190 4153 ad

118 4189 236 4254 rothum,
256 4198 282 4240 et
301 4190 352 4240 erit
367 4191 459 4241 οιιίιιο
477 4190 534 4242 eius
551 4189 580 4242 ιἰι
595 4189 757 4240 inventione.
796 4185 879 4240 Puulo
893 4184 978 4240 lenius
993 4184 1101 4242 Latinus
1114 4185 1189 4241 Λιι-
