2972 4836
698 371 982 412 *lu-

304 516 536 582 oxoniensibus
558 519 772 584 obscuravisse
799 538 832 581 ss
859 515 1024 599 profitetur
1046 515 1123 578 Gala
1145 515 1246 580 Praei.
1267 511 1397 597 Opusc.

301 623 455 704 mythol.;
483 641 549 683 asse
577 635 681 684 tamen
705 643 800 684 unum
829 621 912 682 inter
937 639 1006 696 eos,
1037 617 1092 701 qui
1115 616 1248 680 Cornuti
1269 638 1396 681 nomen

303 723 470 803 praeierat,
492 724 605 806 cuique
626 724 720 789 etiam
741 723 953 805 adstipuletur
973 720 1041 784 MS.
1061 720 1242 784 Vaticanus.
1284 720 1397 784 Codd.

304 825 393 904 Regii
410 829 491 889 runt
512 827 763 890 ursolentium
785 826 829 888 sio
851 823 1001 886 exhibent
1017 822 1160 886 titulum:
1185 819 1397 904 operactus

301 926 375 1012 (pro
399 921 629 1013 Φουρνούτσυ)
654 933 691 996 ἐκ
712 929 781 995 scir
802 923 1084 1010 παραδεδομένων
1106 919 1276 1011 ἐπιδρομή
1297 919 1395 992 suani

301 1025 365 1114 τὴν
384 1024 592 1113 Ἑλληνικὴν
613 1030 773 1114 θεωρίαν.
817 1026 903 1090 ldem
925 1027 1019 1088 habet
1046 1023 1124 1089 Cod.
1146 1028 1189 1088 37
1218 1027 1320 1107 plutei
1344 1031 1388 1090 31

273 1141 275 1147 ’
303 1132 377 1192 bibl.
398 1129 493 1191 Laur.
514 1139 642 1210 praeter
664 1126 881 1214 Φουρνούτου
898 1147 958 1209 pro
980 1126 1094 1190 ritioro
1116 1127 1327 1212 opsecras,
1350 1143 1393 1192 ut

303 1231 381 1295 eod.
403 1235 444 1294 13
474 1232 575 1313 plutei
604 1235 646 1296 58
678 1230 815 1294 eiusdem
849 1230 925 1292 bibl.
956 1229 1049 1290 habet
1081 1226 1296 1312 Φρουνούτου
1324 1251 1393 1311 pro

305 1329 505 1418 alpuroriaou
533 1343 564 1392 et
594 1328 822 1416 Φουρνοδτου.
872 1331 916 1392 At
944 1327 1116 1392 Bandiniua
1144 1331 1181 1392 T.
1199 1331 1238 1392 ll.
1266 1354 1299 1412 p.
1316 1337 1391 1396 449

302 1446 451 1512 annotat,
479 1433 512 1494 in
534 1433 604 1494 aliis
624 1430 725 1496 Godd.
745 1452 804 1513 pro
832 1429 1046 1516 Φρουνοδτου
1066 1430 1128 1509 lagi
1150 1429 1392 1516 Kouprov'sov‚

302 1550 333 1600 et
355 1541 434 1600 lrsnc
454 1536 622 1598 lectionem
641 1534 720 1598 viris
741 1533 850 1610 doctis,
873 1534 940 1596 lob.
957 1533 1098 1596 Meumio
1114 1532 1148 1594 iu
1166 1533 1251 1596 Bibl.
1265 1533 1391 1610 Graec,

301 1639 398 1699 llanr.
415 1634 543 1698 Volscio
566 1657 598 1713 p.
613 1638 676 1697 122
697 1633 735 1697 ad
755 1633 932 1710 Eusebium,
954 1633 1069 1696 Vcesio
1091 1633 1130 1696 de
1152 1634 1307 1700 historicis
1323 1637 1390 1700 La·

301 1738 393 1814 tinic,
421 1737 518 1798 Galeo
540 1735 674 1817 aliisque
694 1736 828 1798 maxims
850 1736 996 1816 probari,
1026 1748 1062 1798 ut
1087 1737 1246 1800 Fabricius
1268 1760 1300 1820 p.
1319 1742 1389 1802 399

300 1842 522 1904 observaverat
544 1838 623 1900 banc
645 1838 811 1901 lectionem
832 1838 955 1917 placere
977 1839 1053 1902 viris
1075 1837 1174 1904 doctis
1191 1842 1257 1904 lob.
1275 1842 1389 1904 Meur-

265 1953 270 1960 '
300 1941 348 2005 sio
365 1941 449 2003 Bibl.
466 1939 577 2002 Gracc.
596 1953 628 2003 et
647 1938 749 2002 Praei.
771 1937 809 2002 ad
829 1941 1034 2020 Apollonium
1054 1941 1236 2025 Dyscolom,
1257 1943 1386 2018 Vossio,

302 2045 418 2122 Galen,
449 2043 582 2106 Bartbio
611 2042 752 2126 aliisque.
801 2043 830 2106 ls
860 2043 916 2125 qui
944 2045 1100 2108 variantes
1129 2044 1278 2110 lectiones
1307 2045 1386 2106 bibl.

298 2149 448 2209 laurent.
469 2147 546 2208 mihi
569 2145 671 2221 misit,
703 2155 833 2206 annotat
856 2143 890 2206 in
918 2145 995 2208 cod.
1019 2149 1039 2208 9
1067 2146 1169 2225 plutei
1190 2148 1232 2207 60
1254 2148 1385 2210 titulum

299 2269 367 2312 esse
389 2241 590 2329 Koproaiaoc
618 2237 703 2322 aspir
724 2240 785 2310 adr
812 2238 888 2312 vide
915 2240 1084 2329 Pasipysorr
1106 2245 1184 2328 περὶ
1206 2247 1318 2324 θεῶν,
1351 2261 1386 2312 ct

297 2351 331 2409 iu
353 2351 412 2410 hoc
436 2346 540 2408 codice
561 2366 620 2425 per
644 2344 779 2422 singulas
801 2346 929 2425 paginas
952 2346 1015 2424 lagi
1036 2341 1246 2430 Koproriccu.
1287 2348 1384 2412 Hunc

298 2450 431 2514 eundem
459 2469 525 2511 esse
552 2446 690 2510 codicem
716 2459 812 2526 puto,
840 2467 933 2528 quem
955 2445 1128 2510 Bardinius
1148 2445 1298 2512 indicarit
1320 2455 1379 2513 sub

298 2554 360 2615 sliu
385 2572 534 2628 numero,
563 2550 680 2612 scilicet
710 2551 767 2612 sub
798 2552 837 2610 18
867 2551 966 2630 plutei
987 2553 1029 2613 60
1060 2549 1145 2613 Bibl.
1166 2549 1261 2614 Laur.
1281 2554 1319 2615 T.
1339 2555 1378 2616 ll.

297 2677 331 2737 p.
351 2657 433 2732 009,
456 2654 509 2715 ubi
533 2653 608 2717 dicit
629 2653 705 2716 alibi
728 2653 941 2730 Phornutum,
971 2649 1098 2714 sedhic
1119 2651 1235 2734 ubique
1258 2652 1378 2718 Cornu·

297 2771 366 2819 tum
387 2756 481 2818 scribi
497 2767 528 2818 at
544 2757 579 2818 io
601 2759 695 2820 titulo
718 2756 877 2836 praeferre
891 2751 1093 2836 Koproaisov
1115 2748 1200 2836 πρὸς
1221 2751 1284 2822 τὸν
1303 2751 1377 2824 υἱόν

298 2853 466 2940 Psoipyrcv
489 2860 563 2941 περὶ
589 2860 694 2936 θεῶν,
716 2871 747 2920 ct
772 2859 853 2920 lorte
875 2873 934 2934 per
954 2855 1037 2916 hunc
1058 2852 1244 2934 Gregorium
1267 2857 1377 2938 [Geor-

297 2959 396 3039 gium]
424 2958 646 3037 intelligendus
671 2973 719 3023 est
748 2957 881 3022 Cornuti
906 2955 1009 3034 lilius,
1041 2979 1135 3039 quem
1156 2979 1248 3039 saepe
1268 2959 1301 3021 in
1324 2959 1377 3022 de·

298 3079 389 3122 cursu
403 3061 509 3142 operis
523 3061 567 3124 sic
582 3063 758 3142 compellat,
772 3052 798 3126 ιδ
811 3072 886 3126 nol·
928 3060 972 3122 At
984 3071 1068 3122 recta
1079 3061 1239 3124 Fabricius
1254 3084 1286 3143 p.
1298 3065 1376 3126 399:

297 3165 392 3241 „Filii
414 3183 540 3245 quoquo
564 3183 695 3242 noman,
715 3163 802 3226 cuius
822 3160 934 3224 studiis
955 3163 1039 3224 hunc
1061 3163 1177 3224 librum
1200 3175 1309 3226 auctor
1329 3165 1376 3226 di·

297 3267 390 3341 cavit,
410 3266 443 3324 in
461 3263 567 3346 codice
583 3284 647 3345 quo
662 3263 818 3346 Gyraldus
838 3275 885 3325 est
902 3285 986 3342 naus,
1009 3275 1039 3326 et
1056 3265 1089 3326 in
1111 3261 1283 3328 Oxoniansi
1304 3287 1374 3342 uno,

297 3386 390 3450 quem
411 3365 527 3428 Galaus
544 3366 692 3446 inspexit,
714 3375 846 3428 vocatur
864 3370 1017 3444 Georgius:
1039 3360 1056 3432 δ
1078 3357 1234 3448 οὐρανὸς,
1254 3358 1373 3433 ainor-

296 3467 371 3534 dior
394 3460 546 3550 Peaipyrs.
588 3467 650 3530 Sed
673 3481 704 3530 et
724 3467 859 3530 Pollucis
886 3465 966 3528 illud
995 3485 1184 3548 praenomen
1206 3478 1239 3528 et
1261 3487 1371 3528 nomeu

296 3568 425 3648 Georgii
447 3568 646 3634 subdititium
671 3570 748 3632 mibi
776 3570 995 3632 cimeliorum
1025 3566 1164 3630 codicum
1191 3569 1372 3632 auctoritate

296 3670 502 3735 reiicieudum
524 3670 714 3754 videtur*).”
758 3673 839 3734 Auta
862 3669 1036 3732 Fabricium
1052 3670 1129 3732 Gale
1142 3671 1244 3733 Praei.
1260 3667 1370 3751 Opusc.

369 3943 393 4010 ')
412 3942 497 4010 [idern
510 3941 599 3995 statuit
611 3939 753 3996 Martiuius
771 3961 797 4013 p.
810 3945 853 3996 Ξῖ.
889 3941 997 4013 Georgii
1012 3960 1120 4008 nomen,
1139 3940 1210 4012 quod
1229 3940 1303 3996 initio
1315 3952 1371 4012 post

296 4031 401 4081 παιδίον
419 4029 542 4082 nonnulli
561 4041 587 4084 et
605 4029 722 4084 melioris
741 4029 848 4102 quidem
867 4040 947 4082 notae
965 4029 1070 4084 codices
1087 4030 1223 4094 inserunt,
1241 4029 1262 4082 si
1280 4029 1370 4100 genui-

297 4135 362 4170 num
382 4127 435 4182 su,
462 4129 536 4170 certo
555 4119 657 4189 prodit,
686 4128 772 4172 totum
790 4115 909 4170 libellum
929 4137 982 4170 esse
1001 4137 1055 4172 nou
1078 4134 1154 4190 posse
1173 4115 1287 4170 Cornuti
1304 4116 1369 4171 illius

297 4203 455 4276 philosophi,
474 4223 554 4274 quern
573 4206 681 4260 ineunte
698 4204 849 4260 Christiano
866 4203 972 4260 caerulo
990 4206 1078 4276 prino
1096 4204 1186 4258 risisse
1204 4215 1319 4272 oonsbt3
1336 4206 1366 4258 ab
