2972 4836
519 371 687 415 ''10ss
752 387 795 404 ¹·-

114 536 178 600 quo
199 517 419 600 impendentem
441 537 521 600 apae
542 521 592 584 ltin
613 522 680 586 ttttc
700 521 916 588 emendatione
938 533 1085 599 tentarat,
1108 523 1193 605 quod

114 641 178 682 uno
207 622 319 682 aaltem
347 623 419 684 ioco
447 643 517 684 eum
546 623 654 688 ieoiaaa
682 647 721 688 ex
748 625 855 690 eadem
877 627 953 691 Vite
975 634 1112 702 annotat,
1143 627 1194 688 vat

111 721 310 788 illustraret?
354 721 424 799 Qua
443 723 482 786 de
500 725 618 789 labaala
636 749 653 788 ι
669 726 813 790 Cornuto
831 727 963 790 coniecti
980 726 1102 790 natione
1116 746 1195 808 quo·

112 824 331 908 modomanque
350 823 556 904 iudioatania,
590 828 755 892 aatiaanutn
787 831 903 894 librum
931 841 1097 912 antequam
1128 831 1197 892 vui·

110 941 239 1007 gat-atur
266 949 339 992 etam
368 941 553 992 tetranteaae
583 943 702 994 certum
731 942 795 996 eat:
833 951 863 996 v.
884 932 972 994 iabn.
992 930 1033 994 ad
1054 931 1194 996 Pettium

110 1053 140 1112 p.
160 1032 241 1094 xnv‘.
285 1032 380 1093 Hune
401 1051 477 1095 veno
498 1033 526 1096 ai
547 1032 710 1098 audiamua
733 1057 766 1115 p.
783 1054 883 1112 xxm,
913 1033 963 1096 cui
988 1033 1195 1112 fragmentum

110 1133 190 1197 iliud
213 1157 232 1196 a
255 1135 424 1215 Eulgentio
446 1133 662 1200 fraudulenter
683 1135 789 1200 fictum
812 1133 957 1212 videtur,
987 1135 1092 1198 omnia
1114 1154 1195 1216 quaa

110 1257 207 1318 aupra
229 1237 420 1299 eonieoimua
441 1237 624 1302 concidunt:
647 1259 711 1322 qua
727 1235 766 1300 de
781 1259 816 1300 re
833 1249 951 1302 eentum
967 1235 1115 1300 iudicium
1132 1256 1193 1300 non

111 1351 183 1400 ante
213 1339 292 1400 ferri
319 1340 453 1419 poterit,
483 1361 576 1423 quatu
598 1340 638 1404 de
658 1340 818 1419 Fulgentii
839 1341 1042 1416 auctoritate,
1071 1337 1110 1400 de
1130 1336 1194 1420 'qua

111 1442 197 1503 inter
217 1442 260 1502 V.
279 1441 322 1502 D.
343 1439 445 1504 adhuc
466 1444 505 1505 lia
527 1455 591 1521 eet,
613 1441 773 1506 decretum
796 1442 907 1517 tuerit,
928 1440 1013 1522 quod
1036 1451 1082 1501 eat
1103 1441 1195 1504 attio-

111 1544 155 1606 ria
175 1541 336 1624 indaginis
356 1565 451 1628 quam
473 1553 508 1608 ut
528 1567 594 1610 rem
612 1547 716 1610 Iahnii
730 1545 926 1628 expositione
941 1544 1110 1608 coniectent
1127 1543 1193 1604 eni·

111 1647 247 1710 utineam
296 1648 339 1710 At
361 1667 424 1710 non
449 1649 549 1712 aulum
573 1651 665 1726 haec,
698 1669 778 1732 quae
806 1645 902 1712 modo
928 1645 1110 1722 ιιιιιιίιιιιιι,
1139 1643 1193 1708 aed

110 1749 216 1812 omnia
230 1747 561 1832 quaedeaabolioaum
573 1749 701 1812 illorum
712 1750 834 1812 ratione
848 1767 917 1812 oum
928 1749 997 1812 aliia
1009 1749 1193 1828 censuimua,

112 1873 192 1914 vana
212 1862 247 1912 et
268 1851 365 1928 tatu,
391 1851 418 1914 ai
440 1850 566 1934 quidem
589 1871 664 1916 vera
686 1864 742 1914 aut
764 1853 872 1914 aaltetn
895 1851 1066 1930 probabilia
1087 1850 1194 1914 vidae·

112 1967 165 2016 tur
186 1950 328 2016 eiusdem
345 1953 446 2016 labaii
460 1953 614 2016 aentantia
631 1953 664 2018 in
677 1953 874 2018 Praefationa
890 1952 930 2014 ad
945 1954 1086 2016 Panaium
1102 1973 1192 2016 auum

111 2057 279 2118 matinata
299 2056 457 2137 expoaitaa
485 2055 519 2116 in
544 2077 608 2138 qua
629 2057 680 2120 vin
701 2053 928 2118 eruditissimus
950 2074 1047 2135 quum
1069 2075 1087 2114 a
1107 2065 1193 2116 recta

111 2159 161 2220 aia
181 2159 280 2238 piane
300 2157 459 2220 aberraaaa
482 2155 635 2235 videatur,
660 2156 690 2220 ei
712 2153 895 2222 refutandae
917 2175 955 2218 eo
975 2155 1094 2221 maiora
1117 2177 1191 2221 cuna

112 2257 341 2327 illabata-andum
365 2270 421 2337 eat,
444 2279 509 2341 quo
530 2261 638 2339 plurea
662 2260 711 2322 ael
733 2259 780 2320 rei
800 2258 942 2322 novitate
957 2261 1015 2325 ¹nel
1033 2261 1192 2341 apeoioeo·

111 2381 182 2424 ram
208 2372 463 2441 argumentorum
492 2361 566 2425 iuno
594 2361 703 2424 fallere
729 2361 839 2442 pouit.
890 2361 953 2426 eet
977 2383 1058 2445 quaa
1083 2363 1190 2446 munitio

112 2464 216 2528 aaabia
236 2465 364 2528 labniua
386 2464 542 2546 expondit,
564 2485 609 2544 ea,
630 2482 694 2547 quo
714 2466 762 2528 rei
784 2465 866 2526 ratio
889 2487 964 2530 vera
985 2465 1098 2528 clarina
1118 2487 1191 2548 pon·

110 2571 277 2650 apiciatnr,
308 2570 519 2633 contrahenda
544 2593 580 2634 aa
605 2573 781 2634 summatim
807 2570 1012 2634 examinanda
1033 2570 1190 2634 videntur.

197 2674 323 2736 labniua
341 2673 438 2752 igitur
455 2695 488 2755 p.
499 2693 560 2738 cxv
578 2677 617 2736 ab
634 2693 672 2738 eo
691 2674 858 2755 proiectae,
878 2673 963 2756 qaod
985 2674 1084 2738 Peraii
1102 2675 1191 2738 acho·

110 2777 171 2854 iiia,
194 2797 277 2859 quae
297 2775 449 2854 dieantur,
470 2776 672 2840 fundamento
687 2773 796 2840 iuiaaet
813 2777 1053 2840 nommantariua
1071 2777 1110 2838 ab
1127 2793 1190 2839 uno

110 2879 248 2961 quodam
277 2891 404 2942 auctore
435 2891 467 2940 at
495 2877 623 2962 quidem
648 2891 837 2959 perpetuae,
869 2877 926 2961 qui
953 2875 1084 2954 dieitur,
1117 2895 1191 2941 oon·

110 2983 264 3062 omiptua,
295 3003 376 3066 quae
402 2982 557 3046 tentantia
584 3001 647 3044 non
677 2983 721 3042 ita
744 2991 829 3042 certa
850 2995 913 3057 eat,
944 2992 979 3042 ut
1005 2977 1189 3043 indubium
1286 3013 1292 3028 ·

110 3086 218 3146 vocari
239 3098 389 3168 nequeat,
422 3086 484 3147 tria
511 3087 587 3147 haao
609 3085 731 3165 poenit,
761 3082 1015 3148 commentarium
1038 3083 1190 3162 scriptum

109 3205 177 3248 eoae
207 3200 350 3268 tempora
379 3189 513 3254 nonita
540 3187 676 3268 antiquo
703 3205 806 3269 neque
835 3207 853 3248 a
883 3182 1084 3265 grammatino
1114 3203 1189 3248 vera

110 3287 255 3352 omnim
283 3287 446 3372 praedito,
475 3289 587 3352 restari
615 3287 657 3350 ad
686 3299 843 3352 auctorem
867 3287 1057 3367 Cornutum,
1088 3286 1188 3350 ineaae

110 3391 141 3452 ai
161 3403 265 3454 autem
288 3392 451 3476 quaedam,
472 3411 553 3476 quae
574 3393 736 3474 antiquam
754 3392 905 3472 originem
923 3413 998 3472 puae
1017 3411 1050 3454 ea
1068 3391 1187 3454 ierant:

110 3494 224 3576 quibua
239 3495 462 3578 eomponandie
474 3496 520 3558 ait
531 3493 807 3560 damaaatundum
821 3513 898 3572 aeae,
911 3495 1005 3557 tuiaaa
1015 3493 1187 3556 Cornutum

111 3597 267 3677 quendam
287 3599 460 3675 iuniorem,
480 3611 581 3680 eoque
603 3609 761 3676 tempora,
785 3595 870 3679 quod
892 3597 931 3658 ab
954 3596 1001 3660 bit
1023 3595 1134 3661 etodiia
1155 3607 1187 3658 et

110 3698 205 3760 aimili
224 3699 385 3763 doetrinae
404 3699 525 3764 natione
546 3717 609 3764 non
632 3699 807 3777 autumat,
828 3711 859 3762 et
875 3699 1003 3782 quaein
1020 3699 1087 3762 eiuo
1105 3717 1188 3760 com-

109 3803 271 3865 mentariis
296 3803 395 3866 innint
422 3803 570 3886 antiqua,
596 3803 804 3884 probabiliter
826 3801 866 3867 ad
887 3815 1025 3866 veterem
1049 3800 1186 3879 aliquem

109 3904 236 3968 doctum
264 3906 500 3986 grammaticum
528 3905 643 3988 pontim
671 3903 798 3988 quidam
826 3903 941 3966 neierai
961 3919 1062 3981 poete.
1105 3899 1187 3964 Huic

6 4031 7 4034 ¹
109 4008 304 4088 paobationia
325 4008 442 4072 nationi
463 4005 529 4070 rite·
547 4019 583 4070 ut
603 4007 803 4082 aatiaiaoeret‚
826 4005 952 4068 labaiua
972 4003 1005 4064 in
1026 4004 1186 4086 nequeati-

110 4111 169 4170 bua
189 4107 405 4174 demonstrare
425 4109 628 4174 omnimodo
654 4121 686 4172 at
709 4106 835 4194 quidem
864 4106 1014 4186 perdocto
1040 4129 1077 4171 aa
1097 4109 1185 4172 labo·

107 4211 358 4292 aioaoatuduit,¹
381 4212 598 4277 Carolicatvi
619 4209 812 4291 temporibua
836 4206 1008 4276 Cornutum
1029 4210 1184 4294 quandam
1300 4291 1304 4304 .

795 4319 902 4362 anana
