2972 4836
9 481 15 541 r

9 635 14 736 i

521 347 564 363 ··
623 335 702 380 XM!
762 349 805 364 *-

117 483 149 546 io
171 478 253 546 ioris
275 476 444 563 prudentia
467 501 557 546 natm
578 483 623 548 sic
644 483 840 552 demonstret
862 508 895 568 p.
911 489 971 554 28:
1003 486 1105 568 „luris
1128 511 1203 558 sero

117 585 252 648 Romani
281 586 437 648 culturam
467 586 598 650 bistorie
628 588 842 670 pbiloeopbics
872 607 978 652 carere
1007 610 1072 656 non
1101 611 1204 674 posse,

117 689 226 750 isoon
250 688 395 768 negabit,
425 688 482 770 qui
503 709 543 752 ex
564 690 696 755 Romoni
726 693 806 756 iuris
827 691 957 756 lsietorie
986 694 1104 771 tenuit,
1135 696 1204 776 ple·

9 815 11 898 2
119 790 211 854 coisse
247 790 399 855 Romanis
428 790 506 854 iuris
538 790 755 858 conditoribus
783 794 931 860 Graecam
962 795 1203 877 philosophiam,

116 893 252 956 menime
280 913 360 956 vero
380 891 534 971 Stoicam,
563 916 644 978 quse
673 918 744 959 cum
772 893 1025 982 noisesstisspoe
1044 899 1202 978 Romanis,

115 998 166 1080 qui
188 996 232 1060 ad
255 997 472 1078 reipublicae
494 998 702 1078 gubernacula
721 995 887 1077 sedebant,
909 997 1104 1080 principibus
1125 1000 1202 1068 virts

10 1125 11 1132 ¹
115 1098 292 1176 rideretur,
313 1111 347 1165 et
367 1100 563 1178 negotiorum
584 1111 768 1182 appetentes
788 1100 849 1164 sibi
871 1099 995 1164 deditos
1016 1103 1149 1171 iaciebat
1170 1115 1202 1171 et

114 1203 142 1264 in
159 1201 303 1266 docendi
320 1199 527 1284 medendique
539 1200 688 1266 methodo
704 1214 736 1264 et
749 1202 783 1264 in
797 1201 873 1284 ipsis
888 1201 1072 1268 adhibendis
1085 1203 1203 1270 doctri·

9 1295 11 1344 l
116 1304 158 1370 „1⁸
186 1304 263 1368 diis
295 1306 431 1386 palmam
460 1303 683 1386 praecipiebat.
725 1302 818 1369 Unde
848 1307 945 1368 multa
974 1305 1006 1370 in
1036 1308 1106 1372 iure
1135 1313 1202 1379 'esso

118 1419 178 1468 msa
209 1405 341 1470 dicendi
368 1425 501 1486 genere,
530 1417 596 1470 tum
625 1407 749 1486 regulas
778 1418 874 1490 atque
902 1409 1057 1491 principia
1083 1412 1201 1478 iurise

115 1509 296 1574 Stoicorum
319 1507 411 1574 ducta
432 1508 605 1590 principiis,
625 1521 710 1570 recte
731 1507 952 1574 disertissimus
972 1511 1201 1582 iureconsultus

9 1699 10 1702 Ἴ
114 1615 203 1676 lanus
225 1612 418 1676 Vincentius
440 1611 576 1675 Grauios
598 1611 738 1689 monuit,
758 1612 828 1677 aliie
848 1632 911 1675 non
934 1612 1200 1698 dissentientibus,

114 1715 167 1780 sed
196 1715 310 1778 multis
338 1735 374 1778 ee
405 1715 556 1796 exemplis
584 1713 817 1796 probentibm.”
864 1715 907 1778 V.
928 1717 1092 1800 sequeutia
1114 1719 1199 1802 apud

10 1837 11 1886 l
114 1819 327 1891 Bruckerum
346 1814 404 1900 gui
422 1814 627 1880 conterendos
648 1829 753 1878 monet
773 1829 900 1898 praeter
919 1818 998 1882 alios
1019 1822 1123 1902 magni
1144 1843 1200 1886 no·

114 1920 207 1984 minis
233 1921 319 1982 ictos
345 1919 393 1982 lu.
422 1917 610 1982 Sclsilterum
643 1918 674 1982 in
704 1919 888 1982 lllanuduct.
916 1921 1032 2002 philos.
1061 1943 1139 1986 mur.
1160 1921 1200 1986 ml

10 2065 11 2074 a
113 2020 290 2104 iurisprud.
310 2041 337 2082 c.
360 2023 389 2082 5.
417 2023 492 2101 p.6
523 2031 553 2082 et
581 2020 675 2083 Eser.
700 2018 849 2086 Ottenem
870 2019 909 2080 de
931 2020 1035 2084 Stoice
1058 2036 1200 2087 vetorum

115 2125 412 2190 iurisconsultorum
438 2123 648 2204 pbilosopbie.
690 2122 866 2186 Plurimum
902 2133 934 2184 et
970 2124 1090 2188 confert
1117 2124 1202 2189 Stoi·

115 2230 203 2294 cismi
224 2228 365 2310 cognitio
385 2221 425 2288 ad
444 2237 565 2289 veteres
582 2224 717 2291 medicos
733 2223 963 2306 intelligendos,
986 2237 1020 2290 ut
1038 2226 1200 2308 catenum,

115 2333 171 2416 qui
191 2332 225 2394 in
248 2327 451 2412 pbilosophis
474 2328 709 2407 versatissimus,
732 2327 771 2391 de
793 2331 849 2390 bac
871 2329 1045 2416 peculiares
1066 2332 1200 2397 conscri-

116 2436 178 2516 psit
202 2433 331 2496 libellos
359 2443 390 2494 et
412 2452 452 2494 ex
474 2451 511 2494 es
536 2433 635 2493 multa
655 2428 766 2494 ceteris
788 2431 852 2494 suis
874 2431 1021 2512 inspersit
1041 2435 1199 2514 operibus.
1317 2435 1321 2444 '

115 2537 325 2600 Notissinmm
347 2545 403 2610 est,
423 2534 647 2616 Hippocratem
667 2533 804 2614 plurima
826 2530 1056 2614 deprompsisse
1077 2557 1118 2598 ex
1135 2537 1200 2598 He·

115 2638 222 2702 racliti
245 2635 461 2718 philosophia3
490 2655 584 2720 quam
614 2635 647 2698 in
675 2635 812 2718 physicis
838 2633 1036 2716 dogmatibus
1062 2620 1201 2720 plerum·

115 2762 179 2824 que
209 2751 335 2803 secutus
362 2759 431 2802 cum
457 2739 515 2818 eit,
545 2759 609 2802 non
631 2749 735 2821 potest
756 2737 890 2818 intelligi
909 2737 979 2800 sine
1000 2738 1201 2820 pbilosophis

117 2842 239 2920 Stoice,
268 2861 350 2926 quae
371 2842 522 2905 Heracliti
547 2843 704 2906 viroribus
724 2842 865 2904 hortulos
886 2859 959 2902 suos
979 2840 1139 2923 irrigavit,
1168 2853 1200 2906 et

117 2947 162 3011 οἱα
188 2967 259 3008 cum
290 2945 480 3027 Hippocrate
508 2943 625 3008 ibidem
655 2945 819 3010 hauriente
848 2944 882 3006 in
908 2943 1014 3006 multis
1040 2956 1200 3021 consonat,

16 3107 22 3129 ,,
120 3047 204 3132 quod
228 3047 352 3110 abunde
373 3046 494 3128 patebit
522 3067 562 3110 ex
591 3057 698 3110 nostra
719 3043 890 3122 Tlaoologio
915 3044 1043 3124 physica
1069 3045 1200 3108 nostris·

119 3173 182 3236 que
206 3152 240 3213 iu
262 3151 434 3214 Cornutum
456 3148 720 3212 annotationibus.

210 3251 307 3316 Vides
331 3253 429 3336 igitur
453 3273 547 3336 quam
574 3251 661 3322 utilia
688 3251 730 3314 sit
751 3247 880 3312 bistoria
903 3247 1136 3330 philosophice,
1166 3249 1198 3314 id

121 3367 167 3420 cst
191 3355 320 3418 historia
341 3355 458 3436 ingenii
480 3353 619 3433 humani,
639 3373 719 3436 quae
738 3353 837 3414 multo
855 3352 951 3432 magis
968 3363 1129 3433 praeterea
1145 3350 1199 3415 de·

120 3460 211 3523 lactet
232 3470 265 3520 et
288 3458 394 3522 animo
416 3454 534 3520 arridet
555 3475 649 3538 quam
671 3453 800 3518 historie
822 3453 1028 3516 humanorum
1047 3453 1197 3516 scelerum

120 3573 149 3624 et
169 3563 339 3639 bellorum,
361 3580 442 3643 quse
464 3579 588 3640 semper
606 3579 667 3620 une
689 3555 858 3638 eademque
876 3568 923 3620 est
945 3553 1090 3640 idemque
1110 3555 1199 3618 exbi-

120 3665 169 3729 bet
192 3676 225 3726 et
246 3683 298 3726 res
324 3664 439 3728 minori
461 3662 635 3726 attentione
664 3659 773 3742 dignas
801 3660 909 3740 ellert,
938 3680 1009 3724 cum
1028 3660 1129 3724 multo
1151 3659 1199 3720 iu·

123 3931 305 3998 (Clementem)
330 3927 455 3983 imitatus
475 3929 601 4003 Origenes
626 3931 711 3984 decem
729 3929 837 4001 scripsit
856 3931 1038 3982 stromateas,
1065 3922 1199 3976 Christia-

123 4035 213 4072 noreos
232 4027 261 4072 st
282 4017 503 4092 pbilosophorum
521 4020 591 4072 inter
609 4037 637 4072 se
655 4017 803 4072 sententies
823 4029 981 4083 commorans
999 4022 1025 4064 et
1041 4009 1133 4066 'omnio
1152 4031 1198 4066 no·

123 4117 194 4160 etrus
215 4107 356 4182 religionis
375 4107 504 4180 dogmata
523 4109 555 4159 ds
574 4108 689 4160 Platone
707 4115 735 4156 el
753 4100 917 4158 Aristoteles
948 4101 1079 4156 Numestio
1098 4104 1198 4154 Cornu-

124 4205 200 4268 sequ
211 4195 403 4266 confiterere]
418 4238 421 4247 .

830 4285 915 4328 *lb*
