2972 4836
501 369 786 412 *bll-

95 518 237 582 deonas
265 515 444 598 gentilium,
479 515 556 580 ibid.
585 519 678 581 tosa
706 515 776 603 Sl).
827 519 983 582 llsctsnus
1012 519 1182 582 Fabricios.

97 619 161 684 Sed
183 619 281 682 liceat
302 619 487 699 observare,
520 621 730 684 Basileenscm
757 619 926 683 editionem
952 633 992 684 ot
1010 634 1042 696 ct
1062 624 1184 702 pleres-
1248 619 1257 626 ’

100 745 162 807 qne
191 723 229 784 in
258 724 318 786 bac
344 724 425 784 n'rbe
454 741 583 786 exonam
611 723 677 786 lere
706 743 829 805 seraper
857 723 945 791 sasai
973 721 1063 790 asida
1091 725 1183 807 s'eqsd

100 825 276 908 principem
299 823 485 903 editionem,
515 825 577 888 nisi
604 824 689 908 quod
719 827 784 889 iere
812 826 848 888 fir
876 837 908 889 et
938 845 1000 888 non
1026 829 1123 888 semel
1148 826 1182 888 in

97 927 219 992 nostris
240 928 460 991 annotavimus
487 929 761 1007 annotationibus,
791 931 969 992 litterarum
985 927 1182 1010 <compendia

98 1032 132 1092 in
154 1032 217 1094 bac
236 1029 353 1093 Aldina
379 1032 472 1097 obvia
495 1031 618 1114 assequi
640 1049 705 1096 non
728 1032 850 1113 potuit;
879 1031 964 1114 quod
986 1031 1091 1095 obiter
1115 1051 1183 1094 mo·

99 1133 242 1196 neudum
265 1145 333 1208 cst,
365 1135 615 1216 comprincipes
641 1135 794 1199 editiones
822 1137 854 1198 in
886 1139 944 1200 noc
969 1135 1086 1198 codicis
1113 1135 1181 1198 MS.

100 1239 201 1302 ricem
226 1256 454 1317 nonnunquam
475 1238 527 1298 vel
546 1235 619 1299 ideo
643 1241 771 1321 esplare
785 1252 937 1320 possent,
965 1237 1051 1322 quod
1074 1256 1180 1300 earnm

101 1338 288 1421 compendia
310 1341 392 1400 male
412 1363 430 1402 a
449 1342 651 1424 sequentibus
672 1343 947 1406 editoribnslecta
966 1343 1040 1404 sint.
1082 1333 1181 1404 Deni-

101 1465 180 1526 qne‚
212 1442 319 1523 pergit
348 1442 522 1522 Fabricius,
553 1465 623 1505 cum
652 1445 792 1508 Conradi
814 1443 953 1506 Clanssri
977 1443 1121 1506 versione
1149 1455 1181 1506 et

102 1545 220 1608 notulis
241 1544 308 1606 suis
326 1557 424 1628 stqne
438 1546 691 1626 castigationibus
705 1548 836 1611 cruditis
850 1550 932 1610 lruoc
945 1547 1078 1608 Cornuti
1091 1545 1181 1608 libel·

101 1650 164 1710 lsm
184 1645 285 1708 edidit
305 1647 358 1709 vir
371 1649 510 1728 egregius
523 1651 603 1711 Tho.
616 1650 729 1713 Galeus
744 1651 828 1714 inter
840 1653 1008 1732 scriptores
1022 1647 1180 1711 Historiae

101 1752 257 1828 Poeticae,
279 1750 458 1828 cantabrig.
475 1754 568 1814 1671.
580 1757 602 1815 8
617 1753 944 1816 etllmstelod.1688.
958 1750 1042 1836 8⁴²⁸).
1084 1747 1180 1826 Quot

101 1867 220 1936 spectet
232 1855 274 1917 sd
285 1856 456 1934 elegantem
469 1855 558 1918 Galei
570 1855 749 1936 editionem,
764 1878 800 1920 es
808 1857 871 1919 etsi
883 1855 988 1918 maltis
1001 1851 1180 1934 parasangis

101 1955 325 2038 praesedentes
337 1969 474 2039 superat,
489 1970 609 2021 textum
621 1971 726 2021 tamen
739 1959 877 2040 praeiert
889 1959 923 2018 in
937 1956 1042 2018 multis
1054 1955 1099 2016 ita
1112 1973 1181 2016 cor·

100 2073 237 2142 mptum
257 2071 288 2121 et
309 2079 468 2136 mancum,
500 2072 534 2122 ut
559 2061 614 2122 six
637 2061 670 2122 in
692 2061 817 2138 multis,
848 2061 935 2120 nullo
962 2069 1065 2118 autem
1087 2051 1181 2116 modo

100 2165 132 2226 in
156 2161 345 2246 quibusdam
369 2164 446 2225 locis
473 2163 608 2242 intelligi
631 2163 747 2245 poesit3
781 2160 866 2244 quod
893 2179 986 2222 nemo
1016 2155 1182 2220 mirabitur

101 2267 158 2349 qni
183 2277 324 2330 nostram
347 2263 516 2328 editionem
537 2285 607 2326 nanu
629 2285 665 2325 es
688 2265 827 2327 conferet
847 2281 967 2345 nosque
989 2259 1108 2325 ridebit
1130 2279 1182 2324 oo·

103 2369 219 2447 dicum,
235 2369 350 2452 quibus
364 2366 594 2431 destituebatur
609 2366 734 2445 Galeas,
750 2383 810 2448 ope
827 2364 965 2427 infinitos
979 2365 1064 2426 locos
1077 2383 1182 2424 emen·

102 2473 210 2551 desse,
240 2491 332 2535 ncces
354 2491 436 2553 quse
460 2469 607 2546 deerant,
640 2468 703 2530 imo
730 2481 761 2530 et
785 2469 904 2549 elapsas
925 2469 1024 2530 lineas
1044 2467 1181 2546 integras

103 2575 291 2639 retraxisse:
319 2595 392 2636 nam
418 2573 523 2654 pascis
544 2571 752 2634 adimebatur
771 2569 864 2632 MSS.
876 2569 942 2653 ***)
964 2569 1096 2645 Galaus,
1125 2567 1181 2650 qni

104 2693 270 2761 praetereo
289 2676 344 2738 ubi
364 2677 479 2758 probas
502 2674 650 2738 lectiones
672 2672 845 2734 offerebant
867 2670 889 2732 ii
911 2669 1048 2750 codices,
1075 2689 1126 2732 ess
1147 2669 1180 2732 in

106 2819 387 2838 -ιι-Ι--ᾞ

176 2897 204 2966 “)
222 2893 382 2960 Cornutum,
400 2905 430 2948 ot
445 2892 550 2948 Febris.
570 2911 596 2966 p.
609 2895 663 2946 4⁰⁰
681 2891 811 2956 observat,
828 2899 888 2944 ante
903 2887 1047 2942 Velsrcnm
1065 2895 1092 2942 et
1110 2883 1181 2940 Cor-

106 2985 212 3042 nsrissn
231 2983 433 3054 [Clausernsai]
454 2981 586 3038 transtulit
603 2981 697 3036 Latine
714 2979 862 3034 Malacinos
887 2977 979 3033 nescio
1005 2975 1078 3047 quis,
1106 2974 1182 3028 cuius

107 3076 252 3130 sessionem
271 3085 334 3128 ante
352 3083 487 3129 urceolos
511 3072 551 3128 rel
574 3071 756 3142 septingentos
778 3085 865 3122 annos
888 3061 1065 3134 compositam
1088 3059 1181 3114 vidisse

106 3185 134 3220 sc
154 3163 245 3218 scribit
262 3161 386 3216 Bartbius
403 3161 436 3215 sd
455 3160 521 3216 Sus.
538 3158 570 3212 T.
583 3157 615 3212 ll.
636 3177 664 3228 p.
677 3157 742 3210 401.

167 3253 206 3322 ““)
224 3249 278 3320 [De
297 3249 436 3321 utriusque
453 3244 576 3302 editionis
594 3241 741 3297 diversitate
759 3261 781 3293 r.
799 3237 957 3292 Martiniutn
977 3257 1002 3310 p.
1016 3237 1047 3304 6,
1066 3255 1135 3310 quae
1153 3233 1180 3290 in

106 3339 254 3412 posteriore
271 3338 447 3401 accessissent,
465 3353 495 3388 ea
508 3331 668 3397 Meibomio,
686 3329 786 3402 quippe
803 3327 849 3400 qui
869 3347 926 3380 cam
945 3337 1070 3392 curasset,
1090 3325 1181 3378 deberi

106 3437 267 3482 ansentem.
303 3423 481 3480 Posteriorern
501 3441 562 3477 cunr
581 3419 731 3475 Villoisono
749 3435 799 3486 ego
818 3433 927 3487 qnoque
944 3424 1049 3468 secutus
1067 3413 1145 3480 suna]

150 3517 203 3584 ’Ἳ
217 3513 266 3568 Sic
283 3513 406 3586 loquitur
420 3511 520 3566 Geleos
537 3509 625 3563 Praei
646 3507 679 3562 ad
698 3506 740 3560 cd.
760 3504 888 3558 Csntnbr.
910 3501 1068 3570 „Cornutus
1087 3499 1183 3572 spissos

104 3603 184 3658 nobis
209 3602 349 3674 negotium
373 3601 532 3666 baubat,
557 3599 662 3656 saltate
685 3594 767 3650 tonsa
789 3589 886 3663 βρύων.
927 3589 1070 3662 Suppetias
1086 3606 1182 3642 venere

105 3692 149 3748 bic
167 3703 220 3746 tres
237 3691 318 3746 codd.
335 3689 501 3744 Osooienses
518 3685 621 3742 calamo
640 3683 753 3750 exarati,
776 3699 893 3754 quorum
914 3678 977 3732 mibi
994 3677 1100 3750 copiam
1120 3675 1182 3728 lecit

107 3780 226 3834 eruditus
246 3790 272 3832 et
289 3779 462 3847 amicissimus
485 3775 554 3830 'l‘bo⁴
573 3775 663 3848 Hyde,
693 3770 907 3826 bibliothecarius
928 3767 1098 3820 Bodlcinnns.
1145 3763 1181 3812 Es

107 3869 138 3920 iis
162 3863 308 3920 nonnullas
334 3866 390 3938 ipse
419 3863 618 3918 emendationes
643 3878 840 3930 excerpsersrn,
868 3856 933 3909 olins
958 3855 1074 3925 (partem
1103 3848 1182 3920 longe

107 3954 264 4023 maximam)
289 3967 315 4009 et
339 3953 433 4025 capitis
457 3952 542 4006 ultimi
567 3953 746 4024 lrsgmcntnm
770 3949 897 4003 hactenus
915 3944 1090 3997 desideratum
1110 3941 1181 3995 idem
1262 4003 1269 4016 ⁵

107 4061 214 4114 semper
231 4041 297 4095 milri
316 4039 445 4098 colendus
461 4039 603 4093 Edusrdns
620 4036 790 4092 Bernhardns
807 4031 990 4105 suppeditavit.
1025 4027 1106 4084 Lilins
1123 4029 1182 4104 Gy·

107 4129 198 4184 rsldus
214 4131 244 4184 in
262 4129 482 4203 syntagmatibus
504 4129 552 4200 (da
575 4125 637 4194 diis)
661 4123 780 4178 infinitos
796 4121 871 4174 locos
889 4119 917 4173 in
935 4117 987 4176 boc
1005 4120 1134 4194 scriptore
1152 4137 1181 4174 es

106 4229 195 4274 vetere
215 4217 308 4276 oodicc
326 4227 448 4284 somme
463 4231 637 4288 cornuaque
655 4212 707 4268 buc
724 4207 903 4266 amerinus?
