2990 4838
523 383 566 395 -
621 367 702 410 1th
754 383 798 396 ’-

90 549 93 557 ·
117 536 190 578 nens
214 515 383 576 verborum
405 512 549 594 opificem
575 524 682 590 vocat,
711 527 743 576 et
769 513 808 575 de
834 513 949 578 finibus
969 517 1011 578 tlt
1033 528 1065 576 ct
1085 518 1201 596 passim

119 619 195 680 alibi
217 639 290 679 eum
310 635 373 676 non
399 625 462 676 tam
489 634 593 676 rerum
621 615 817 678 inventorem
845 616 938 678 luisse
967 639 1059 702 qoam
1090 623 1203 682 uerbo·

120 741 189 781 sum
211 718 357 780 affirmat.
399 715 440 778 Et
462 715 610 795 ds'leg.l
633 715 709 778 dicit
731 737 784 778 eos
806 718 899 779 rebus
920 739 982 782 non
1006 722 1203 782 consalutatis

120 821 509 896 immutavissenocabula,
532 817 623 894 unde,
645 821 761 902 inquit,
782 821 920 882 nascitur
935 840 997 882 non
1010 841 1127 898 rerum,
1148 822 1202 884 sed

120 927 289 988 verborum
309 923 473 986 discordia.
517 922 557 982 Et
572 919 709 984 Acadll
730 923 885 984 Arcesilas
904 924 1029 986 Zenoni
1041 925 1203 1000 obtrectat,

118 1049 189 1088 eum
213 1028 293 1088 nihil
316 1027 389 1088 uoci
411 1024 575 1105 reperisse,
598 1022 652 1086 sed
667 1024 878 1089 emendavisse
894 1027 1072 1107 superiores
1092 1027 1205 1090 immu-

119 1131 239 1192 tatione
256 1132 443 1208 cerborum5
465 1139 573 1190 contra
590 1149 682 1209 quem
696 1126 892 1210 Chrysippus
906 1129 1072 1208 scripserat
1088 1128 1204 1191 librum

118 1233 288 1294 Plutarcho
303 1230 473 1310 laudatum,
494 1233 551 1316 qui
567 1231 728 1294 dicebatur
749 1238 783 1298 ui
805 1226 888 1315 πρὸς
904 1228 1124 1314 Ἀρκεσίλαον
1140 1227 1204 1298 ds·-

120 1335 300 1418 ssypospoe',
332 1333 371 1396 de
395 1354 459 1417 qrso
481 1354 512 1400 r.
534 1336 658 1413 Menag.
681 1333 720 1395 sd
742 1334 846 1396 Laert.
868 1356 901 1415 p.
922 1337 996 1396 204.
1046 1332 1098 1396 stc
1119 1330 1204 1412 apud
1226 1381 1228 1386 ,

123 1432 188 1495 Cic.
214 1434 254 1496 de
272 1437 314 1496 N.
333 1437 374 1498 D.
394 1439 418 1514 1,
440 1440 460 1499 7
488 1437 645 1500 Antiocho
670 1435 768 1500 Stoici
796 1457 832 1498 ra
860 1436 1023 1498 concinere
1045 1434 1203 1510 videntur,

123 1537 228 1598 verbis
250 1535 435 1618 discrepare.
478 1540 594 1604 Seneca
618 1540 677 1620 Ep.
701 1543 759 1603 59:
794 1543 928 1603 Permitte
956 1540 1025 1600 mslss‘
1053 1543 1094 1600 uti
1118 1538 1205 1598 uerbis

118 1642 245 1722 podh'cis,
264 1664 315 1703 uss
336 1645 384 1703 illo
405 1645 448 1704 od
462 1645 691 1727 significationem
705 1647 831 1705 Stoicam
847 1664 956 1705 ικοοοο.
1001 1637 1088 1716 Quae
1109 1641 1204 1702 verbe

119 1741 232 1804 Stoicis
254 1745 383 1825 propria
405 1746 492 1806 etin
514 1745 658 1808 Cornuto
679 1745 812 1827 proinde
834 1743 1011 1827 frequentia
1033 1744 1066 1804 in
1090 1743 1204 1804 nostris

120 1846 347 1926 explicavimus
367 1847 708 1926 Animadversionibus,
729 1847 768 1909 ad
791 1846 1046 1926 significationem
1068 1845 1205 1908 Stoicam

120 1949 339 2010 revocavimus
361 1961 391 2008 et
415 1951 565 2031 exemplis
587 1952 688 2012 allatis
709 1952 754 2011 ita
777 1949 1045 2024 continuavimus,
1077 1959 1110 2007 ut
1131 1945 1204 2008 inde

122 2067 188 2110 non
212 2069 311 2128 parva
332 2050 546 2132 philosophico
568 2053 725 2116 scribendi
746 2053 838 2132 genio
858 2051 940 2131 apud
961 2049 1082 2111 Stoicos
1100 2060 1205 2110 aucto·

121 2172 173 2214 res
194 2163 326 2232 recepto
347 2154 468 2236 totique
488 2153 565 2219 adeo
583 2157 720 2238 porticui
739 2157 795 2218 lux
815 2152 1010 2216 accendatur.
1053 2149 1130 2212 Suae
1147 2151 1205 2228 igi·

121 2267 177 2315 tur
196 2255 302 2316 hausit
323 2259 525 2338 etymologias
544 2260 703 2322 Cornutus
723 2279 763 2320 ex
785 2258 932 2338 operibus
954 2275 1049 2334 suprs
1071 2251 1204 2315 laudatis

122 2370 152 2420 et
174 2379 193 2420 e
212 2359 304 2420 libris
321 2356 490 2440 Chrysippi
512 2363 589 2444 περὶ
608 2364 678 2428 νῶν
697 2357 781 2427 socci
805 2355 869 2443 τὴν
892 2349 1105 2439 διαλεκτικὴν
1126 2352 1205 2423 ὄνο-

120 2455 240 2543 μα’των
262 2458 346 2543 sapic
367 2457 511 2544 Ζήνωνα
532 2473 564 2523 ot
587 2457 671 2548 πρὸς
693 2458 731 2529 cd
753 2463 829 2546 περὶ
852 2459 1027 2544 σημασιῶν
1047 2461 1206 2535 Φίλωνος,

122 2575 150 2624 et
172 2564 309 2646 λογικοῦ
331 2562 445 2631 ctissoo
466 2567 543 2646 napi
566 2559 629 2639 asic
649 2565 749 2642 λέξεις
771 2566 827 2631 καλ
844 2557 905 2630 τόν
922 2555 1002 2627 καθ’
1018 2553 1127 2634 usiosis
1144 2558 1203 2628 λό-

119 2689 202 2748 γον,
224 2667 301 2747 περὶ
325 2665 440 2740 λέξεων
463 2659 654 2749 α’νομαλίος
675 2665 761 2750 πρὸς
783 2665 894 2732 Δίωνα
918 2657 964 2738 d',
990 2661 1074 2745 opud
1096 2661 1203 2724 Inert-

120 2787 151 2847 p.
172 2767 253 2843 21⁰,
282 2778 314 2827 et
338 2787 377 2828 ex
399 2767 468 2829 aliis
491 2767 629 2830 eistsdem
652 2769 741 2830 libris
762 2765 972 2846 grammaticis
993 2763 1077 2844 apud
1099 2764 1203 2826 laert.

120 2890 152 2948 p.
168 2871 231 2930 211
255 2870 442 2945 memoratis,
465 2889 599 2952 quorum
623 2871 741 2931 iactura
763 2871 863 2932 multo
885 2867 982 2948 magis
1004 2864 1139 2928 dolenda
1157 2879 1204 2929 est

121 2989 215 3052 quarn
235 2971 373 3032 omnium
390 2971 528 3034 eiusdem
549 2973 702 3034 librorum
717 2973 893 3047 moralium,
914 2984 949 3033 ut
970 2971 1130 3049 praeclare
1147 2972 1203 3031 ob·

121 3085 224 3135 servat
253 3074 414 3136 Fabricius
445 3075 498 3150 tlt,
521 3078 572 3138 1⁵.
603 3076 642 3136 T.
662 3077 700 3136 ll.
729 3096 761 3153 p.
782 3076 855 3134 39³.
909 3070 1097 3132 Praesertim
1129 3091 1204 3134 usos

123 3174 222 3235 luerat
245 3175 404 3238 Cornutus
433 3175 516 3237 libro
545 3176 793 3260 ἐτυμολογικῶν
815 3167 901 3257 πρὸς
923 3172 1085 3251 Διοκλέα,
1117 3172 1204 3236 wius

123 3277 263 3338 meminit
284 3275 389 3340 Laert.
411 3281 480 3342 Vit.
503 3277 671 3363 Chrysippi
694 3300 725 3360 p.
747 3279 821 3339 212.

206 3379 388 3442 Notandum
419 3394 522 3444 autem
551 3403 586 3444 ea
615 3382 736 3458 omnia,
770 3402 850 3464 quae
880 3378 918 3440 de
948 3380 1145 3463 physiologia
1174 3393 1205 3441 at

124 3483 279 3562 theologia
297 3483 378 3546 dixit
397 3483 564 3561 Cornutus,
586 3485 619 3546 in
640 3485 736 3549 variis
758 3483 944 3562 auctoribus,
966 3480 1022 3565 qui
1044 3483 1131 3547 varia
1153 3503 1206 3545 ve·

123 3599 222 3647 terum
245 3585 424 3648 Stoicorum
446 3585 619 3664 fragrarenta
640 3607 815 3662 servavere,
840 3585 1040 3649 consonantia
1061 3584 1205 3666 reperiri,

122 3687 204 3748 unde
228 3687 391 3750 evidenter
412 3702 545 3770 apparet
566 3689 725 3752 Cornutus
752 3708 859 3750 eorum
886 3689 999 3749 scrinia
1021 3689 1204 3769 compilasse
1258 3723 1263 3730 ·

122 3801 151 3850 st
171 3789 271 3851 libros
289 3791 476 3871 sublegisse3
500 3805 535 3853 ut
557 3805 589 3852 et
609 3795 779 3873 plerasque
801 3788 885 3854 illius
907 3790 1073 3868 allegoriae
1096 3805 1204 3848 occur·

122 3904 195 3955 runt
218 3893 250 3954 in
275 3893 461 3972 Plutarcho,
492 3893 642 3972 Eusebio,
670 3893 850 3969 Eustathio,
878 3891 908 3951 in
932 3889 1091 3968 scriptore
1114 3887 1206 3949 Vitae

123 4033 333 4044 -—-—.——.—.
352 4041 369 4045 -.
376 4039 409 4046 --ι

122 4141 165 4176 ces
181 4125 322 4188 imatus,
348 4145 371 4180 c.
389 4132 404 4182 l
423 4129 469 4184 sin.
494 4141 520 4186 et
538 4129 710 4202 u'dvvyps'pac,
735 4150 758 4183 c.
777 4133 820 4184 to.
837 4147 864 4198 p.
880 4129 949 4192 tlt,
976 4138 1004 4181 ul
1021 4125 1072 4183 siis
1093 4139 1203 4192 lacurn,

123 4229 170 4266 suo
188 4232 313 4285 quaeque
332 4213 392 4270 loco
412 4238 426 4270 a
447 4219 522 4274 nohis
541 4221 650 4286 notata]
