2774 4840
438 337 477 350 -
524 305 582 366 591
631 279 692 352 -’

98 471 169 530 loeo
194 471 336 532 translato
358 472 440 543 olloo3
471 493 583 532 summo
602 485 698 534 tomen
718 479 813 534 omnio
833 488 970 538 constant.

99 574 149 636 Nil
168 576 295 655 equidem
316 575 424 636 dmore
444 575 494 636 diu
514 577 566 635 sub
586 580 710 653 imagine
728 577 829 638 eodem

96 676 275 738 crediderim.
648 707 667 724 ··

93 773 177 836 ldam
201 775 265 836 lare
287 776 370 838 canit
391 776 596 858 Empedocleo
619 775 764 838 laudatur
792 799 811 838 a
832 780 999 841 Plutarcho
1024 799 1097 840 con·

14 886 60 936 tra
82 875 236 940 Colotem.
280 879 362 940 Hinc
383 880 499 960 opinor
521 881 607 942 illam
628 881 823 961 Pythagorae
853 884 1098 964 metempsycho-

14 977 59 1037 sin
80 978 160 1039 nihil
175 979 261 1042 aliud
278 982 372 1044 luisse
385 1003 480 1065 quam
502 983 753 1064 palingenesiam,
774 984 858 1066 quod
875 985 991 1047 diserte
1014 985 1096 1046 dixit

14 1077 138 1141 Servius
160 1080 199 1142 ad
224 1083 382 1145 Aeneidos
403 1083 626 1159 111‚1audarus
649 1106 666 1146 a
687 1086 847 1148 Gatalrero
862 1085 900 1170 1),
923 1107 992 1148 eom
1015 1085 1097 1148 dice·

14 1195 68 1258 ret,
90 1184 247 1246 hominem
270 1197 342 1266 poet
363 1186 483 1248 obitum
500 1185 531 1246 in
553 1185 662 1262 feram,
694 1200 725 1248 et
750 1208 767 1248 a
795 1189 861 1249 iera
882 1191 913 1250 in
938 1190 1097 1252 hominem

14 1286 244 1362 transformari,
265 1287 344 1348 nihil
366 1287 451 1348 aliud
472 1309 542 1348 eum
564 1289 769 1367 intellexiste,
792 1311 886 1371 quam
909 1304 1013 1372 partes
1029 1314 1098 1355 cor·

14 1387 96 1466 poris
119 1388 220 1448 nootri
242 1399 344 1450 terrae
365 1387 489 1450 reddita
510 1390 543 1450 in
565 1390 681 1452 lacteos
704 1392 882 1471 plantarum
894 1413 1001 1455 eureos
1023 1414 1096 1455 con·

14 1490 106 1566 terti,
128 1491 242 1572 quibua
263 1490 376 1553 deinde
398 1493 527 1552 aluntur
548 1513 584 1554 ea
607 1492 763 1570 animalia,
783 1494 897 1575 quibua
914 1513 971 1556 noe
986 1507 1096 1576 postea

14 1593 171 1656 vescimur.
214 1594 265 1656 Sic
285 1594 424 1657 hominio
443 1594 616 1657 substantia
636 1595 739 1674 primo
760 1593 794 1656 in
814 1597 954 1676 plantam
985 1598 1097 1660 immu-

14 1706 102 1773 tatur,
126 1693 239 1760 deinde
261 1699 400 1778 eplaota
418 1697 452 1758 ia
467 1697 580 1760 bovem
597 1697 808 1780 convertitur3
836 1719 872 1760 ae
886 1710 1044 1780 postremo
1061 1701 1095 1761 ia

14 1798 165 1860 rominem
178 1798 272 1878 redit,
284 1821 319 1862 ae
330 1801 373 1862 eie
389 1799 458 1862 vice
468 1819 568 1862 veroa.
581 1800 669 1861 llliue
680 1813 784 1862 autem
799 1801 901 1862 anima
914 1801 946 1861 in
960 1803 1094 1864 enimam

14 1901 185 1964 rniveream
204 1887 385 1964 relunditur
407 1913 438 1962 et
460 1913 590 1963 naturae
613 1922 686 1964 auae
707 1903 908 1980 remiscetur,
929 1915 961 1964 et
982 1902 1095 1967 deinde

14 2023 47 2062 rx
69 2023 106 2064 ea
127 2003 253 2080 refluit,
275 2015 310 2064 ut
330 2005 364 2064 in
383 2003 479 2064 alium
503 2003 872 2066 immittaturhominem.
915 2006 996 2066 lline
1012 2008 1094 2068 lorta

14 2102 388 2188 idducrusmcrantiufi)
409 2107 623 2187 Pythagoreos
634 2107 678 2167 eie
697 2128 766 2169 eum
777 2107 890 2169 Stoicis
912 2108 1094 2170 coniunxit:

14 2211 155 2288 Superesse
186 2214 311 2270 amioum
341 2221 404 2291 post
430 2221 546 2272 mortem
576 2211 758 2292 Pythagorici
784 2222 810 2272 et
839 2213 927 2272 Stoici
954 2213 1095 2288 dixerunt,

14 2332 184 2394 mequomo
203 2317 300 2388 narei,
321 2313 373 2372 sed
393 2317 531 2374 metauri
555 2317 583 2372 io
611 2333 748 2394 corporo,
779 2326 806 2375 et
833 2315 870 2374 de
894 2316 958 2375 aliis
985 2321 1014 2376 irr
1035 2317 1095 2376 olio

14 2419 138 2490 nigrore.
180 2411 248 2472 Hoc
268 2412 400 2474 lortame
423 2412 525 2474 voluit
539 2411 744 2492 Epiphanius,
766 2432 836 2474 eum
846 2411 958 2476 Stoicis
979 2415 1092 2476 tribuit

15 2535 36 2574 n
60 2533 170 2575 eorum
193 2514 330 2592 haeresi,
363 2535 445 2598 quae
472 2527 520 2577 eet
546 2513 656 2596 quinta
687 2514 762 2574 libri
783 2515 894 2594 primi,
926 2539 1092 2600 peooyyt·

14 2615 116 2698 ιμούς
135 2640 173 2681 ea
194 2617 311 2704 ψυχῶν
331 2619 386 2683 uod
407 2607 723 2699 μενενσωμανῶσεις
753 2609 821 2681 dud
856 2607 1012 2698 νάματος
1043 2620 1092 2690 elo

14 2717 100 2802 roipert
121 2717 378 2802 καθαιρομένας
398 2708 581 2799 σωμάτων,
602 2709 654 2796 ἧδ’
676 2704 722 2778 od
743 2706 850 2780 ndito
874 2720 924 2792 rie
945 2711 1093 2792 dvoriooe

14 2820 55 2886 rat
88 2819 240 2903 ἔμπαλιν
267 2818 500 2905 γεννωμένας,
538 2815 599 2878 niei
639 2815 723 2876 lorte
752 2816 900 2897 respiciat
936 2818 975 2881 ad
1005 2820 1092 2884 eliud

14 2923 143 2985 ltoieum
168 2921 299 3001 dogma,
333 2919 372 2982 de
394 2940 458 3004 quo
480 2920 571 2982 infra.
625 2917 789 2980 Nemeeius
803 2918 832 3004 5)
854 2922 998 2984 omnibus
1027 2925 1090 2987 illia

14 3025 148 3102 lraeeie,
171 3025 226 3108 qui
247 3027 383 3086 animam
404 3025 613 3086 immortalem
636 3042 701 3084 eoae
725 3033 867 3100 censent,
899 3022 1000 3088 rideri
1022 3047 1090 3089 eam

14 3151 42 3191 rx
63 3130 137 3191 aliie
157 3131 342 3211 corporibus
374 3129 407 3189 in
429 3129 489 3190 alia
510 3128 664 3208 migraret
695 3125 815 3210 κοινήν
848 3125 931 3210 (lege
957 3129 1091 3215 aalide)

15 3237 70 3300 ιὲν
92 3223 156 3299 οὖν
178 3229 305 3304 πάντες
319 3230 487 3314 Ἓλληνες
515 3235 548 3298 oi
570 3225 632 3316 τήν
654 3225 766 3319 ψυχὴν
796 3222 978 3297 ἀθάνατον
1000 3226 1090 3298 dero·

14 3332 215 3418 υῃνάμενοι,
237 3331 301 3414 τὴν
320 3325 622 3415 μετενοωμὰνωσιν
644 3331 919 3414 δογματίζουσιν,
955 3335 1009 3398 ubi
1040 3335 1088 3400 vi·

14 3435 54 3496 leo
78 3457 97 3496 a
117 3435 264 3498 Nemeaio
295 3431 410 3494 dieerte
437 3433 603 3510 affirmari,
633 3433 713 3496 nulli
746 3432 865 3498 Graeco
896 3438 1088 3519 philosopho

14 3537 137 3598 mimam
159 3534 268 3597 eodem
290 3555 382 3596 semu
403 3535 501 3597 risam
520 3535 615 3596 luisse
629 3535 848 3615 immortalem,
869 3559 933 3621 qno
954 3563 973 3602 a
996 3541 1087 3604 nobie

14 3637 191 3700 lhriatienie
214 3658 281 3701 eoae
311 3635 459 3699 ereditur.
513 3639 649 3702 Animue
669 3639 813 3724 quidem,
841 3641 1010 3704 secundum
1034 3665 1088 3706 ve-

15 3762 100 3820 eree,
121 3741 307 3803 immortalia
331 3753 413 3819 erat,
435 3740 489 3804 aed
511 3755 547 3804 ut
567 3754 698 3814 caetera
712 3743 825 3820 omnia,
847 3743 932 3825 quod
954 3763 1085 3822 reapon-

14 3865 72 3906 .um
93 3843 180 3906 dedit
202 3845 386 3922 Demonax,
414 3841 452 3904 de
474 3845 531 3905 liae
552 3865 587 3906 re
608 3844 837 3922 interrogatur,
868 3843 953 3926 apud
973 3845 1084 3908 Lucia·

73 4059 105 4128 l)
123 4061 170 4127 lV,
189 4062 234 4118 21.
410 4061 441 4128 2)
458 4058 522 4114 luet.
540 4059 593 4116 div.
612 4058 655 4127 ΙΙΙ,
678 4061 723 4114 18.

74 4151 106 4218 ὓ)
123 4147 166 4202 De
180 4159 233 4204 nal.
259 4148 331 4204 horn.
346 4152 372 4204 2.
390 4169 418 4221 p.
433 4151 468 4204 ll
482 4148 582 4222 [pito
596 4149 638 4206 ed.
648 4148 783 4220 Matthaei,
797 4147 844 4222 qui
855 4151 972 4223 reposuit
986 4153 1079 4224 κοινῇ.
