2952 4872
519 347 755 407 ..423-

78 521 289 598 prircipum,
311 527 341 576 ut
362 521 390 575 r‘n
411 517 518 576 bomine
538 527 664 591 mentem,
684 521 712 575 in
733 515 815 574 belua
833 513 973 594 ambulans
993 515 1080 573 sirnrle
1099 533 1175 573 nrm·

83 627 135 696 tis,
160 621 235 680 uncle
255 625 385 680 ontsrrtm
405 639 498 679 rerum
520 623 658 700 appetitus
672 611 709 700 ¹).
751 617 787 677 in
807 617 942 676 arborum
957 625 1063 688 autem,
1083 626 1109 674 et
1125 635 1174 674 ea-

85 743 159 784 rum
179 743 292 798 rerum,
312 741 388 803 quae
407 725 561 798 absumus
580 742 595 780 e
614 731 712 794 terra,
733 719 878 779 radicibus
898 723 984 778 istesso
1002 721 1175 798 principatus
1235 713 1245 739 '

85 836 230 904 putatia:
257 826 445 904 principatum
466 833 561 882 andem
580 821 612 880 id
637 821 718 896 dico,
746 823 823 902 quoti
844 824 951 882 Graeci
970 813 1175 902 ἡγεμονικὸν

86 941 194 990 uocant
207 923 257 1010 2),ι
283 947 338 1009 quo
360 925 427 985 nibil
447 929 475 985 in
494 945 604 1007 quoque
621 944 723 1000 punem
743 945 792 986 ncc
811 935 918 1005 potest,
942 945 992 986 nec
1014 923 1096 983 ciebat
1116 941 1174 980 esse

83 1035 292 1112 praestamus.
335 1031 437 1111 ltaque
455 1048 563 1088 necate
581 1039 621 1088 est
641 1029 710 1088 illusi
730 1031 824 1103 etiarn,
842 1033 870 1087 in
891 1047 946 1108 quo
965 1029 1001 1085 sit
1018 1029 1100 1085 totius
1119 1041 1174 1082 rm-

85 1143 176 1194 turae
193 1137 379 1213 principatus,
399 1151 459 1192 esso
481 1134 602 1191 omnr'rsm
623 1135 766 1210 optimum,
787 1134 962 1209 omniumque
982 1147 1078 1187 rerum
1095 1133 1174 1205 pote·

84 1243 165 1294 state
179 1235 381 1314 dominatuque
394 1233 595 1308 digniumsum.
638 1231 770 1290 Videmus
788 1241 882 1290 autem
895 1231 1063 1311 inpartibus
1077 1229 1177 1288 mundi
1258 1228 1261 1234 ’

86 1333 174 1418 (nibil
193 1349 235 1398 est
256 1341 327 1397 enim
348 1339 378 1394 in
400 1337 477 1394 omisi
495 1332 617 1407 muruio,
648 1332 726 1412 quod
746 1353 799 1393 non
824 1353 896 1413 pars
924 1337 1043 1392 unr'oersi
1061 1327 1108 1411 sit)
1131 1335 1173 1390 in·

167 1573 200 1641 1)
219 1569 323 1624 Confer
338 1567 470 1624 Senecam
490 1569 523 1624 de
541 1571 580 1624 ira
598 1569 618 1636 l,
637 1571 667 1636 3,
685 1567 731 1622 ubi
750 1565 827 1635 dicit,
847 1569 950 1640 regium
970 1565 1080 1620 illudet
1098 1565 1174 1637 prin-

88 1660 181 1734 ‘cipsle
200 1659 358 1716 animalium
378 1675 473 1732 pssum
492 1657 604 1725 subtile,
629 1675 726 1728 purum
751 1665 871 1711 exactum
895 1675 964 1722 esser
996 1675 1026 1708 ss
1050 1653 1174 1708 bumsnis

89 1749 362 1817 suscubumrsre,
384 1747 484 1802 bsbsrs
502 1757 592 1802 sutem
610 1745 710 1802 similes
726 1745 777 1800 illis
797 1744 926 1818 quosdam
944 1743 1081 1816 impulsus.
1117 1739 1173 1796 Cia.

89 1838 174 1892 Tusa.
193 1838 215 1904 l,
234 1839 264 1892 9:
293 1837 357 1890 aliis
378 1854 446 1906 pars
465 1835 598 1908 quasdam
617 1833 715 1888 cerebri
737 1834 796 1888 uisu
812 1851 869 1886 esse
887 1833 970 1886 animi
989 1830 1174 1900 principatum

91 1935 190 1978 tencre.
232 1925 307 1981 tdern
325 1943 384 1996 asp.
399 1926 447 1977 tu:
476 1921 559 1974 Plato
577 1922 707 1992 triplicem
718 1921 807 1992 finxit
825 1921 959 1985 animum,
978 1917 1055 1972 cuius
1070 1918 1173 1988 princi-

87 2023 205 2084 patum,
223 2012 252 2063 irl
269 2021 324 2075 est,
342 2009 473 2064 rationem
491 2010 520 2062 in
538 2009 641 2081 capite,
657 2010 728 2062 sicut
747 2009 775 2062 in
793 2027 854 2062 arce
869 2007 969 2078 posuit.

158 2087 198 2166 ’2)
220 2097 323 2153 Seneca
342 2099 426 2173 Epist.
443 2101 492 2154 58:
518 2101 590 2151 Sunt
608 2097 755 2171 quaedum,
773 2115 843 2170 quae
860 2095 977 2148 animam
995 2089 1108 2157 babent,
1127 2108 1174 2143 nec

92 2194 160 2240 sunt
177 2187 315 2244 onirnnlie.
358 2187 456 2239 Placet
472 2187 541 2238 eninr
558 2187 629 2240 sotis
650 2197 678 2238 et
702 2185 823 2239 arbustis
846 2185 964 2238 animam
987 2179 1087 2233 inesse:
1116 2179 1173 2231 ita-

92 2285 189 2348 quest
208 2275 298 2329 utam
315 2275 365 2328 illa
382 2287 409 2328 et
427 2275 494 2328 mori
510 2273 635 2328 ibamus.
676 2275 751 2332 ldern
770 2274 869 2329 ibidem
888 2270 969 2345 paulo
988 2268 1072 2322 inira:
1102 2265 1174 2320 Arri·

92 2363 176 2416 malie
207 2363 426 2444 quemadmodum
455 2363 567 2420 divisio?
615 2367 653 2418 lit
683 2365 783 2432 dicam,
816 2363 948 2437 quaedam
975 2347 1094 2410 animuin
1121 2354 1173 2406 bu·

94 2448 172 2516 bont,
187 2451 330 2522 'quasdam
353 2459 463 2506 tantum
486 2451 621 2514 animam
652 2462 704 2504 aut
729 2454 782 2506 sis:
810 2450 942 2525 quasdem
968 2448 1098 2516 impetum
1121 2443 1172 2494 lra-

94 2535 170 2603 bent,
195 2537 338 2607 incedunt,
362 2547 522 2606 transeunt,
546 2538 678 2611 quaedam
702 2538 758 2591 solo
778 2541 879 2608 affixa,
904 2532 1041 2587 radicibus
1058 2530 1173 2584 aluntur

94 2631 121 2674 st
146 2633 278 2683 crescunt.
320 2609 396 2679 ituro
419 2621 447 2677 in
471 2621 584 2678 Timaeo
609 2645 636 2696 p.
654 2628 724 2678 tots
743 2624 831 2694 [ttST.
851 2646 876 2698 p.
890 2626 936 2692 st]
962 2623 995 2676 sle
1018 2618 1172 2675 arboribus:

94 2707 136 2762 bnt
154 2707 189 2780 δὴ
209 2707 242 2782 ζῆ
258 2713 319 2780 uir,
345 2711 408 2764 ioss'
424 2731 452 2764 ss
477 2709 523 2778 οὐχ
546 2711 631 2783 ἕτερον
650 2708 729 2776 ζώσει,
754 2711 860 2775 μόνιμον
879 2714 908 2764 δὲ
927 2715 971 2763 sul
989 2703 1173 2777 κατερῤιζωμί-

94 2816 137 2852 rou
159 2801 256 2868 πέπηγε
278 2796 325 2852 broi
349 2796 381 2851 si
404 2802 452 2869 τῆς
478 2795 630 2861 sis'laoroir'
654 2795 774 2871 κινήσεως
800 2801 965 2870 ἐστερῆσθαι.
991 2792 1091 2868 'Supra
1110 2793 1180 2866 binii

95 2885 205 2941 ibidum
233 2889 285 2939 niis
307 2883 358 2958 reip
378 2875 438 2953 osis,
464 2881 479 2940 ‘i
501 2893 530 2942 nl
554 2905 601 2958 asp
627 2881 659 2942 iis
684 2885 802 2958 μετάσχῃ
827 2889 874 2939 τοῦ
899 2883 961 2956 ζῇν,
989 2883 1054 2942 inico
1071 2884 1117 2946 uir
1142 2876 1173 2933 iit

95 2977 120 3026 is
142 2976 204 3046 disp
228 2975 327 3040 murro
347 2970 494 3044 inbitur«.
530 2969 566 3026 Et
582 2973 612 3026 in
630 2971 793 3045 Epiumnide
818 2993 845 3046 p.
859 2975 931 3027 1008
956 2969 1045 3040 [ttST.
1070 2988 1095 3042 p.
1108 2970 1172 3036 981]

94 3057 252 3128 uitrubrius,
269 3060 394 3118 animulis
413 3060 555 3132 terrestris,
580 3072 658 3116 voest
675 3059 776 3122 ninas
791 3065 837 3124 nu
855 3057 1021 3132 ἀνθρώπους,
1039 3055 1126 3112 πάντα
1143 3059 1174 3110 stt

96 3139 143 3200 i'ou
159 3147 296 3200 antinous
315 3154 360 3200 sui
377 3146 480 3214 cinola,
504 3154 548 3205 uui
565 3141 614 3204 iou
632 3145 775 3224 nuperimunt
794 3155 837 3204 sul
853 3145 903 3206 ‘o'au
919 3147 1033 3216 pireisa,
1056 3148 1173 3215 ‹turrinu-

97 3237 157 3296 pisu
176 3231 267 3306 ῥίζαις.
312 3234 358 3289 sic
375 3235 505 3289 Tatisnus
522 3235 555 3288 sd
574 3235 694 3290 Graecos
712 3238 746 3290 10
771 3257 798 3308 p.
815 3243 839 3291 2.
857 3237 898 3292 od.
920 3235 1056 3290 Benedict.
1078 3245 1105 3290 et
1128 3238 1172 3290 50.

99 3321 258 3378 ed.Wortb.
275 3321 349 3392 ¹dicit,
367 3343 451 3377 unum
471 3323 641 3396 eundemque
660 3323 781 3397 spiritum
800 3325 883 3380 inesse
901 3325 930 3379 in
949 3324 1058 3396 angelis,
1076 3324 1103 3376 in
1123 3319 1173 3375 bo·

97 3409 210 3464 minibus
235 3421 261 3466 et
279 3411 309 3466 in
334 3409 476 3483 stirpibus,
504 3411 549 3465 sed
574 3401 743 3490 bunnuaria
767 3414 922 3487 modo‘pro
948 3413 1024 3467 suciis
1043 3413 1171 3466 siiectum

98 3519 149 3556 esse
167 3500 295 3573 partibus.
331 3500 411 3555 iluna
427 3501 547 3556 Platonis
570 3500 661 3556 locum
685 3501 798 3575 respexit
816 3500 921 3557 Cicero.
957 3497 999 3555 D's
1018 3500 1171 3573 principatu

98 3600 182 3644 sutem
197 3587 354 3644 animalium
375 3590 413 3646 sic
432 3589 740 3663 loquiturbenccriip.
756 3595 823 3646 121:
849 3591 1056 3666 quaerebamus.
1075 3605 1113 3641 un
1129 3605 1172 3640 ss-

98 3688 135 3730 sst
151 3677 269 3732 omnibus
287 3679 451 3735 animalibus
468 3680 670 3734 constitutionis
692 3681 736 3732 lric
754 3681 868 3738 sensus?
886 3717 893 3736 .
912 3718 921 3736 .
940 3718 947 3733 .
967 3717 974 3734 .
1005 3675 1173 3730 constitutio

99 3773 148 3829 est,
164 3764 266 3836 inquit,
292 3776 324 3817 ut
343 3786 390 3820 uos
409 3767 514 3832 dicitis,
530 3768 679 3838 principale
696 3768 779 3820 animi
798 3769 913 3840 quodam
932 3766 1053 3818 morbose
1072 3759 1172 3813 babens

99 3868 159 3927 ergo
183 3870 287 3922 corpus.
323 3855 384 3905 Hoc
408 3865 465 3906 tam
487 3855 643 3924 perplexum
660 3855 694 3906 ‘et
715 3854 828 3912 subtile,
852 3865 880 3906 et
900 3851 974 3906 vobis
998 3867 1102 3924 quoque
1126 3849 1173 3901 uix

99 3937 254 4006 enarrabile,
272 3939 401 4013 quomodo
418 3941 548 4013 intelligit
565 3940 681 4012 insons?
700 3977 709 3998 .
727 3977 734 3996 .
756 3979 763 3995 .
782 3977 789 3994 .
806 3941 916 4012 infans,
934 3939 1000 4010 quiri
1017 3938 1054 3990 sit
1072 3937 1173 3990 consti-

100 4025 178 4083 tutis.
195 4043 249 4079 nors
266 4028 341 4080 nouit
347 4048 358 4089 ,·
383 4028 600 4080 constitutionem
617 4045 695 4090 suam
713 4029 802 4094 nouit,
819 4038 847 4078 et
865 4027 932 4099 quiri
948 4027 985 4080 sit
1004 4025 1107 4081 aninut
1124 4045 1172 4078 ns-

100 4113 162 4174 ssit‚
185 4114 287 4168 sanat
309 4133 366 4170 esse
388 4134 418 4168 ss
442 4117 533 4169 sentit.
573 4119 720 4166 Praeterea
745 4115 830 4182 ipsam
856 4115 1071 4170 constitutionum
1094 4132 1172 4167 suam

102 4218 183 4257 crasse
200 4201 347 4275 inteiligit,
362 4213 389 4256 st
406 4202 574 4263 nemetim,
591 4211 620 4255 et
637 4201 754 4259 obscure.
774 4211 822 4258 ete.
