2972 4836
541 352 680 392 ..ῃ
731 355 797 380 ...ι

112 527 202 573 vcro
223 496 375 595 vulgaria
401 514 432 572 et
459 499 548 584 trita,
571 497 637 572 aiia
658 497 803 574 formem
826 497 928 598 piane
951 497 1074 587 aliena,
1094 525 1197 600 quee-

114 604 201 675 dam
226 601 326 674 ctiam
348 600 396 674 ab
423 599 499 674 aliis
526 617 702 700 occupata,
731 625 832 674 amc
859 618 982 690 tamen,
1013 618 1049 674 ut
1077 601 1112 674 in
1143 629 1197 676 ro.

119 707 213 778 tione
246 703 307 777 has
337 702 486 776 schedas
518 703 645 777 colendi
674 701 780 777 semei
813 702 965 778 instituta
998 699 1081 776 mihi
1113 732 1197 778 con·

116 825 274 894 starem,
290 832 361 878 nou
383 805 542 893 inducta,
568 807 635 879 nisi
661 803 820 906 quaeve!
845 833 988 904 prorsus
1012 807 1118 880 cruda
1144 833 1196 880 cs·

116 927 196 982 sent
222 905 272 980 vel
301 931 416 982 errore
439 908 620 986 manifesto
646 908 835 1006 codemque
858 907 1073 984 infructuoso
1102 906 1197 980 tatto«

118 1039 198 1084 rare
236 1008 451 1085 riderentur:
494 1009 588 1108 quod
629 1008 815 1084 admodum
856 1011 975 1109 paucis
1020 1009 1056 1082 in
1099 1009 1198 1084 sche-

119 1113 178 1186 dis
201 1110 328 1196 sactum
355 1111 514 1200 memini,
548 1111 675 1186 sactum
703 1129 832 1198 nmen,
865 1129 902 1185 ut
929 1110 1119 1211 exemplum
1146 1111 1197 1184 ad

121 1216 248 1302 seram,
280 1213 317 1286 in
341 1214 441 1288 motis
475 1213 518 1286 ad
550 1241 583 1314 p.
611 1214 695 1291 149.
752 1214 828 1310 Ego
857 1241 938 1288 vero
973 1231 1092 1288 contra
1114 1241 1196 1299 ¹stou

123 1317 243 1390 defore
278 1342 319 1388 su
364 1315 454 1403 icor,
493 1315 551 1414 qui
591 1315 680 1388 hanc
718 1315 753 1388 in
780 1316 971 1390 'serrandis
1010 1314 1197 1388 doctissimi

123 1416 273 1492 bominis
303 1341 457 1517 riiiquiis
485 1415 684 1514 religionem
713 1443 823 1490 meam
855 1417 1106 1518 superstitionis
1137 1444 1198 1515 po-

124 1523 189 1594 tius
226 1521 366 1594 nominc
401 1519 642 1620 reprehensuri
676 1518 761 1592 sint:
803 1518 930 1616 quibus
968 1517 1054 1592 citit
1089 1517 1198 1592 habco

123 1622 217 1723 qood
251 1621 480 1722 respondeam
513 1622 579 1694 nisi
608 1620 706 1723 qood
737 1619 910 1694 Bentleios
943 1621 989 1694 ad
1018 1623 1196 1696 Lucanum

124 1729 180 1812 Ν,
213 1723 287 1798 431
333 1723 435 1813 dixit,
481 1723 588 1796 muita
631 1747 712 1798 esse.
743 1722 972 1796 condonanda
1016 1724 1050 1795 in
1086 1749 1197 1821 opero

124 1844 301 1927 postumo:
329 1827 423 1925 quod
449 1851 553 1927 quum
577 1825 621 1898 ad
650 1843 756 1901 totum
785 1824 876 1899 huuc
901 1824 1079 1903 Viliuisoni
1100 1823 1199 1900 tabo-

124 1957 217 2014 rum,
251 1945 327 2002 tum·
348 1930 495 2002 monime
525 1926 681 2002 adhunc
715 1926 790 1999 eins
816 1945 946 2025 partem
977 1943 1069 2000 recte
1098 1927 1198 1999 aesti-

124 2029 289 2104 mandam
323 2028 432 2104 valet.¹
471 2029 559 2124 rQuo
581 2034 704 2102 autem
737 2027 920 2100 modom.
949 2027 1198 2100 concinnandis

126 2130 475 2206 commentariissuis
498 2133 595 2230 ipse,
632 2129 661 2203 si
694 2129 886 2228 pervitam
917 2126 1084 2215 licuisset,
1117 2151 1197 2228 pro·

126 2231 285 2308 habiliter
310 2261 435 2306 usuros
473 2231 608 2320 fuisset,
647 2230 795 2331 perspici
820 2248 935 2329 potest
953 2287 955 2293 ,
971 2257 1011 2303 ex
1039 2247 1197 2304 notarum

127 2333 296 2434 exemplo,
324 2363 392 2434 quo
416 2361 505 2435 quae
522 2335 634 2408 tribus
658 2332 778 2432 primis
801 2331 944 2406 Gaieani
972 2333 1112 2406 Cornuti
1137 2361 1199 2432 pa·

126 2438 216 2533 ginis
244 2464 352 2535 usquc
380 2437 425 2510 ad
453 2437 557 2510 verba
585 2465 612 2510 e.
633 2441 666 2509 2.
682 2434 768 2508 init.'
784 2433 854 2515 erui
885 2429 986 2531 dit'rtt
1014 2438 1200 2517 καλεῖται

125 2539 222 2623 Zeis
242 2537 341 2630 (haec
368 2537 473 2612 verba
498 2537 665 2612 lemmatis
692 2536 801 2612 instar
824 2535 889 2610 sub
913 2535 1037 2610 calcem
1063 2562 1199 2636 ponun-

126 2659 200 2730 tur,
232 2640 359 2738 quipe
387 2640 739 2738 adnototione,<.quae
761 2665 859 2712 nunc.
876 2637 1109 2727 desideratur,
1137 2640 1199 2713 sati·

126 2741 270 2843 mando
293 2665 509 2835 iiiirstrenda)
533 2741 729 2815 adnotanda
752 2740 818 2839 ipsi
839 2740 909 2815 visa
933 2758 1063 2827 essent,
1092 2741 1200 2813 conti.

127 2873 200 2918 nuo
227 2869 383 2916 sermone
415 2844 573 2944 iustoque
603 2843 725 2916 ordine
754 2842 946 2943 disposita,
972 2857 1145 2944 tanquam·
1164 2842 1200 2918 iu

125 2945 304 3048 pubiicum
336 2946 484 3034 exitura,
518 2946 712 3045 complexus
732 2963 806 3018 est.
846 2945 917 3018 flis
951 2945 1041 3018 uotis
1072 2945 1201 3020 maiore

127 3047 304 3146 diligentia
317 3048 493 3138 consectis,
504 3049 665 3149 qnoniam
681 3075 746 3148 pro
758 3046 912 3118 instituto
925 3045 1029 3118 httius
1041 3047 1201 3121 editionis

128 3151 300 3253 primitivo
309 3151 469 3252 ,ipserum
488 3152 608 3224 ordine
623 3148 764 3223 seorsim
779 3145 929 3220 exhiberi
947 3171 1018 3220 non
1034 3164 1203 3248 poterant,

127 3253 327 3329 asteriscum
342 3253 590 3354 praeposui-ut¹
600 3281 621 3326 a
639 3277 784 3352 corpore
800 3248 932 3350 reliquo
941 3249 1199 3326 adnotationum

127 3356 281 3456 cursoria
301 3356 415 3454 potius
435 3383 539 3430 manu
560 3354 831 3454 conscriptarum
850 3351 1144 3449 dignoscerentur.

203 3459 383 3532 Postremo
414 3457 508 3558 quod
541 3456 584 3529 ad
617 3454 932 3532 commentationem
960 3453 1002 3526 de
1023 3454 1200 3553 'theologia

126 3559 322 3633 Stoicorum
349 3559 657 3663 physicaaattinet,
688 3585 762 3632 eam
793 3555 871 3630 lic'et
896 3553 965 3630 fine
991 3555 1084 3630 haud
1115 3558 1201 3630 inte-

127 3689 246 3758 gram,
278 3677 316 3733 ut
345 3662 495 3750 videtur,
532 3677 650 3734 auctor
682 3657 808 3732 chartis
839 3658 1035 3732 mandatam
1067 3657 1203 3756 reliquit

128 3763 241 3851 talem,
269 3761 404 3862 qualem
427 3764 497 3836 scre
521 3762 617 3860 prelo
638 3760 853 3836 subiecturus
877 3760 1051 3858 putandus
1075 3757 1137 3845 sit;
1166 3757 1201 3828 in

128 3891 195 3964 qua
224 3863 311 3936 nihii
344 3863 824 3959 desideraveris··nisi·gcrrus
857 3859 994 3935 dicendi
1023 3855 1138 3956 paullo
1162 3857 1203 3930 li-

129 3965 270 4054 matius,
300 3965 400 4064 qnaie
425 3982 545 4039 auctor
568 3966 778 4039 exhibiturus
806 3962 940 4048 suisset,
966 3959 994 4032 si
1023 3983 1111 4057 opus
1137 3957 1202 4059 ipsi

130 4065 279 4140 licuisset
306 4067 341 4139 in
372 4067 493 4165 vulgus
521 4068 681 4141 emittere.
732 4065 806 4161 Ego
836 4087 914 4134 vero
949 4059 1013 4132 hac
1043 4060 1078 4132 in
1107 4079 1203 4160 parte

130 4167 318 4286 quidquam
356 4186 487 4243 mutere
525 4197 635 4269 neque
673 4191 785 4238 meum
822 4188 933 4264 neque
974 4163 1202 4239 necessarium

130 4287 327 4344 existiman.
