2952 4872
531 353 856 416 -aar-·

108 520 173 576 tieis
192 519 282 576 dutum
300 519 405 576 ridetur
417 521 459 594 †).
495 519 586 586 Quum
606 538 671 577 reso
689 520 756 596 nibil
774 521 859 585 obsit,
884 520 1044 593 quominus
1065 523 1093 576 in
1111 539 1192 577 com·

110 607 202 679 posito
220 608 270 663 illo
289 608 403 664 termam
422 621 533 669 matos
550 627 661 682 quoquo
679 610 762 665 medo
780 609 814 666 ab
830 608 876 663 illa
894 609 992 679 stirps,
1018 609 1046 662 in
1066 626 1117 682 qua
1136 630 1193 665 no-

110 695 150 748 tio
169 695 289 766 spirandi
307 697 349 751 rel
369 696 449 752 dandi
468 697 550 763 inest,
576 699 720 754 derivatam
745 705 903 760 atstuamna,
928 693 1084 767 p’paannator
1103 697 1126 752 is
1144 697 1195 753 erit

112 783 257 855 pmmdus,
275 779 358 840 verrio
376 794 498 857 tempore
516 788 562 858 qui
580 787 658 842 ssatus
668 784 737 841 edat
753 785 796 840 rel
813 785 916 856 perdet
953 783 1066 854 Orpbici
1078 786 1131 838 iarn
1145 786 1193 849 illi,

80 855 84 876 ¹
112 873 238 928 notiones
261 873 398 943 generales
422 874 571 945 symbolica
590 875 704 946 quadarn
723 891 898 944 personarum
916 873 1031 943 imagine
1049 889 1124 928 more
1142 889 1193 928 suu

112 963 296 1028 includentes,
323 961 584 1035 comprehenderunt
604 962 678 1015 illius
704 959 821 1015 numinis
847 959 971 1030 symbolo
991 977 1052 1014 cunr
1071 959 1193 1031 spiritum

112 1053 230 1118 vitalem,
251 1053 297 1125 qui
315 1070 398 1126 quum
417 1067 480 1106 rere
498 1068 594 1106 omnes
611 1059 723 1104 naturae
739 1049 811 1102 vires
828 1047 925 1101 excitet
942 1054 968 1101 et
986 1047 1020 1100 ad
1035 1049 1194 1116 germinan-

112 1142 179 1196 dum
197 1141 325 1213 impellat,
342 1142 463 1196 omniurn
479 1157 570 1194 rerum
590 1147 684 1192 auctor
702 1145 729 1191 ct
746 1143 903 1207 procreator
921 1134 1057 1201 habeatur,
1078 1136 1122 1190 rol
1141 1139 1195 1208 qui,

112 1237 144 1284 nt
167 1230 228 1284 aliis
252 1230 342 1286 rerbia
367 1237 442 1294 utar,
465 1229 545 1282 ritant
570 1226 695 1282 omnibus
720 1225 796 1280 inllet
813 1225 869 1278 sive
888 1223 1018 1277 infundat.
1056 1221 1123 1278 Cum
1143 1241 1195 1297 qua
1231 1248 1234 1254 ·

112 1316 293 1387 explicatione
311 1317 391 1388 plane
410 1315 549 1378 consentit,
567 1315 639 1387 quod
656 1311 796 1368 cedrenus
813 1320 840 1366 et
857 1309 955 1366 Matala
972 1308 1111 1367 Lobeclio
1129 1312 1194 1366 lau-

114 1405 171 1458 dati
189 1421 289 1460 nomeu
306 1405 373 1458 illud
391 1405 597 1474 interpretantur
614 1401 760 1472 ζωοδοτὴρι
784 1399 893 1454 luminis
911 1399 998 1463 euim,
1016 1400 1103 1464 aiunt,
1123 1402 1196 1473 quod

114 1491 224 1547 aethere
245 1491 379 1563 perfracto
404 1500 504 1546 terram
527 1491 680 1556 collustret,
705 1499 760 1544 tres
783 1503 843 1544 esse
863 1487 972 1541 nomina
996 1497 1024 1542 et
1048 1487 1195 1555 facultates,

114 1583 214 1649 Μῆτιν,
233 1577 343 1650 disque
360 1589 386 1636 et
403 1577 589 1650 'Hpssrrrrutoar
607 1578 660 1634 hoo
677 1595 742 1635 vero
760 1576 826 1632 nibil
846 1575 918 1630 aliud
936 1575 988 1630 nisi
1007 1577 1095 1645 ipsum
1114 1575 1194 1632 deum

114 1665 277 1723 invisibilem
296 1685 369 1734 csse,
392 1669 469 1724 trinis
486 1668 656 1722 facultatibus
673 1674 830 1739 potestatem
849 1681 924 1722 suam
945 1661 1137 1729 declarantem,
1162 1682 1195 1720 ex

113 1770 170 1826 quo
190 1756 280 1810 omnia
296 1763 448 1811 nascamur.
482 1753 525 1810 Ao
541 1754 656 1810 tortasse
674 1753 720 1809 bic
736 1755 796 1824 ipsc
813 1754 923 1824 spiritus
941 1753 1030 1808 omnia
1048 1753 1195 1808 teoundm

114 1859 171 1897 uon
192 1843 313 1900 diversus
333 1853 374 1899 est
392 1862 407 1898 a
431 1843 539 1899 flatibus
562 1843 630 1908 illis,
657 1859 727 1916 quos
745 1839 852 1895 Gronus
870 1857 923 1894 una
942 1857 1003 1894 cunr
1020 1837 1123 1896 Amore
1141 1859 1194 1911 ge·-

115 1929 208 1984 nuiase
226 1929 324 1986 dicitnr
341 1933 370 1985 in
387 1930 441 1984 boo
460 1945 540 1985 versu
558 1929 680 2001 Orpbico
698 1928 769 2000 apud
787 1925 879 1983 Sobel.
897 1924 988 1997 Apoll.
1008 1923 1059 1981 llb.
1077 1927 1127 1992 lll,
1144 1931 1194 1982 26:

286 2015 372 2088 αὐτὰρ
384 2014 490 2087 Ἔρωτι
508 2022 553 2070 acl
570 2012 705 2078 πνεύματα
722 2013 799 2068 πάντ’
809 2019 935 2068 briareos.

118 2101 245 2158 Ceterum
264 2103 299 2158 de
316 2101 479 2175 ’ldpmcrsator
497 2101 667 2159 Damasoium
686 2111 791 2174 prsetsr
808 2103 885 2158 locos
903 2101 1069 2158 abobeclrio
1087 2103 1195 2158 indies-

116 2199 159 2246 tos
178 2190 222 2244 adi
240 2190 318 2246 etiam
337 2210 365 2263 p.
380 2193 441 2247 380.
478 2191 558 2246 Veris
578 2199 665 2246 sutem
684 2192 759 2247 notio
778 2209 827 2247 our
845 2191 952 2263 spiritui
968 2189 1009 2250 illi
1027 2192 1136 2246 admista
1155 2193 1196 2257 sit,

118 2295 198 2334 nemo
217 2278 319 2351 estqui
337 2295 394 2334 non
411 2277 564 2351 perspiciat.
599 2275 744 2350 Eleganter
762 2278 834 2352 quod
853 2278 894 2334 rei
912 2287 952 2336 est
969 2279 1087 2338 declarat
1104 2289 1196 2336 auctor

118 2366 253 2438 Pervigilii
275 2367 404 2434 Veneris,
430 2369 501 2424 unde
519 2367 719 2422 transcribimus
737 2385 776 2422 rs.
795 2369 831 2424 59
849 2383 906 2438 seq.

234 2455 305 2508 Cres
323 2458 376 2509 erit
393 2474 447 2528 peso
463 2459 570 2528 patrnos
586 2456 691 2510 Aetlsar
710 2455 852 2528 copulavit
868 2457 989 2524 nuptias.

236 2544 272 2594 Ut
287 2552 366 2614 poter
385 2546 449 2594 totis
468 2551 571 2595 crearet
588 2561 686 2594 verum
704 2561 807 2594 sanans
825 2544 960 2604 nubibus,

234 2633 263 2682 in
281 2631 370 2684 aierem
388 2632 502 2683 maritos
521 2632 604 2682 iaabcr
618 2632 706 2701 fluxit
719 2631 808 2683 almae
827 2633 968 2704 coniugiis,-

234 2717 307 2768 amde
322 2716 396 2788 [etus
414 2719 514 2769 mixtus
532 2735 621 2770 omnes
639 2718 725 2770 oleret
742 2737 841 2789 mopso
862 2735 981 2790 corpore.

232 2806 299 2874 Ipsa
317 2823 400 2856 cerras
419 2799 630 2877 nequeuntem
646 2814 801 2877 permeante
818 2808 919 2877 spiritns

233 2897 308 2945 istm
326 2893 441 2946 occultis
458 2896 596 2967 parler-m
610 2897 781 2965 prostratris
800 2897 921 2957 viriles,
1016 2889 1019 2900 '

231 2998 335 3052 perpere
353 2982 456 3034 coelam
471 3000 574 3052 perque
592 2993 678 3033 terras
694 3001 796 3054 perpete
812 2992 926 3052 pentura
945 2979 1083 3036 scalditum

231 3070 354 3136 peruium
372 3069 418 3120 sui
435 3077 550 3120 tenorent
569 3069 696 3120 seminata·
713 3069 822 3120 tramite

235 3156 333 3206 imbuit
349 3158 480 3227 iussitque
498 3151 626 3208 scandunt
644 3174 721 3208 noras
739 3156 870 3207 nascendi
885 3159 954 3208 vias.

123 3237 246 3293 Ceterum
265 3240 407 3307 Cornutus,
425 3243 458 3297 ad
478 3261 556 3316 qoem
575 3244 665 3309 redeo,
683 3243 754 3298 baud
773 3241 931 3309 malefecit,
950 3241 1024 3318 qued
1041 3241 1105 3297 Pani
1125 3259 1196 3299 cou-

122 3327 195 3381 tinuo
210 3325 337 3400 Priapum
356 3329 499 3386 subiunxit
535 3331 632 3402 Magna
651 3331 722 3386 euim
738 3331 809 3386 inter
822 3339 965 3406 utrumque
978 3349 1078 3388 numen
1092 3349 1196 3401 cogua-

121 3415 173 3481 tio,
198 3415 233 3471 ita
260 3425 288 3471 nt
312 3435 406 3471 eorum
432 3418 555 3474 attributa
579 3421 607 3474 in
630 3437 710 3473 unam
732 3419 873 3492 imaginem
891 3439 1082 3494 nonuunquam
1102 3419 1197 3476 collata

122 3505 187 3568 sint,
214 3505 319 3578 qualem
344 3505 412 3560 sistit
435 3523 539 3576 gemma
564 3506 664 3579 scalpta
686 3507 714 3561 in
733 3506 825 3564 Descr.
845 3507 892 3563 des
912 3509 1013 3580 pierres
1032 3513 1141 3579 grandes
1161 3509 1197 3564 du

123 3594 179 3648 cab.
200 3593 342 3650 d'Orleans
358 3594 390 3650 T.
409 3593 430 3650 l.
450 3595 503 3651 tab.
522 3597 566 3662 76,
585 3597 612 3650 in
631 3614 684 3669 qna
701 3598 775 3670 quod
792 3597 931 3653 exhibetur
950 3599 1112 3653 sacrificium
1131 3596 1196 3652 Pani

122 3683 211 3736 otterri
238 3684 343 3738 dicitur.
390 3682 490 3739 Panem
517 3701 582 3740 rere
606 3702 660 3756 qun
686 3686 774 3740 minus
801 3687 963 3758 accipiamus
991 3685 1082 3738 lictum
1109 3685 1196 3754 ipsum

123 3772 208 3826 obstat
225 3773 319 3842 ingens
338 3772 487 3826 membrum
504 3772 599 3837 virile,
623 3790 678 3844 quo
703 3773 770 3828 deus
795 3775 973 3844 conspicuus,
1001 3772 1075 3844 quod
1092 3789 1108 3826 a
1126 3768 1197 3825 Pano

123 3859 246 3914 ebenum.
283 3857 351 3914 cun
369 3857 467 3930 Priapo
485 3877 551 3916 rsro
570 3861 680 3931 insuper
698 3861 823 3916 convenit
846 3861 954 3929 lrngnrn
980 3859 1069 3912 omnis
1092 3857 1197 3926 gesom

195 4059 226 4130 ἦ)
243 4059 310 4112 Falli
329 4063 514 4128 grammaticos
540 4063 684 4134 quissiaco
704 4061 833 4123 scribant,
861 4069 889 4112 ut
913 4059 1019 4114 nonnisi
1045 4059 1157 4115 dialecto
1182 4081 1197 4116 a

125 4135 203 4199 κῆπος
221 4129 332 4192 diluet,
349 4133 393 4185 rel
412 4132 486 4186 illius
502 4131 722 4201 rocis'prosodia
742 4133 806 4184 satis
823 4130 908 4184 docet
944 4129 986 4186 Es
1005 4143 1119 4204 quorum
1139 4149 1195 4188 nu-

124 4218 197 4258 meru
212 4208 259 4266 eat,
278 4208 310 4254 at
320 4215 406 4256 unum
415 4202 532 4268 silerem,
550 4201 702 4258 Seboliaata
716 4220 733 4257 a
746 4201 941 4256 Valobeaacrio
955 4201 1041 4258 editus
1055 4201 1086 4258 ΙΙ.
1097 4223 1123 4270 2,
1134 4205 1195 4260 set.
