<?xml version="1.0" encoding="UTF-8"?>
<!DOCTYPE html PUBLIC "-//W3C//DTD XHTML 1.0 Transitional//EN"
    "http://www.w3.org/TR/xhtml1/DTD/xhtml1-transitional.dtd">
<html xmlns="http://www.w3.org/1999/xhtml" xml:lang="en" lang="en">
 <head>
  <title>
</title>
<meta http-equiv="Content-Type" content="text/html;charset=utf-8" />
  <meta name='ocr-system' content='tesseract 3.04.00' />
  <meta name='ocr-capabilities' content='ocr_page ocr_carea ocr_par ocr_line ocrx_word'/>
</head>
<body>
  <div class='ocr_page' id='page_1' title='image "./denaturadeorum00corngoog_0598.png"; bbox 0 0 2774 4840; ppageno 0'>
   <div class='ocr_carea' id='block_1_1' title="bbox 455 339 690 400">
    <p class='ocr_par' dir='ltr' id='par_1_1' title="bbox 455 339 690 400">
     <span class='ocr_line' id='line_1_1' title="bbox 455 339 690 400; baseline 0.004 -15"><span class='ocrx_word' id='word_1_1' title='bbox 455 339 690 400; x_wconf 73' lang='lat'><strong>..531-</strong></span> 
     </span>
    </p>
   </div>
   <div class='ocr_carea' id='block_1_2' title="bbox 26 497 1191 3769">
    <p class='ocr_par' dir='ltr' id='par_1_2' title="bbox 31 497 1117 1824">
     <span class='ocr_line' id='line_1_2' title="bbox 32 497 1114 595; baseline 0.002 -27"><span class='ocrx_word' id='word_1_2' title='bbox 32 509 99 595; x_wconf 74' lang='grc' dir='ltr'><strong>χών</strong></span> <span class='ocrx_word' id='word_1_3' title='bbox 122 506 206 572; x_wconf 84' lang='lat' dir='ltr'><strong>libro</strong></span> <span class='ocrx_word' id='word_1_4' title='bbox 228 517 259 568; x_wconf 86' lang='lat' dir='ltr'><strong>st</strong></span> <span class='ocrx_word' id='word_1_5' title='bbox 281 506 315 566; x_wconf 87' lang='lat' dir='ltr'><strong>in</strong></span> <span class='ocrx_word' id='word_1_6' title='bbox 338 524 433 586; x_wconf 90' lang='lat' dir='ltr'><strong>opere</strong></span> <span class='ocrx_word' id='word_1_7' title='bbox 457 506 531 590; x_wconf 79' lang='lat' dir='ltr'><strong>napi</strong></span> <span class='ocrx_word' id='word_1_8' title='bbox 553 497 664 594; x_wconf 69' lang='grc' dir='ltr'><strong>εὖχῆσ.</strong></span> <span class='ocrx_word' id='word_1_9' title='bbox 685 519 790 570; x_wconf 86' lang='lat' dir='ltr'><strong>monet</strong></span> <span class='ocrx_word' id='word_1_10' title='bbox 813 507 981 571; x_wconf 88' lang='lat' dir='ltr'><strong>Worthius</strong></span> <span class='ocrx_word' id='word_1_11' title='bbox 999 506 1038 570; x_wconf 86' lang='lat' dir='ltr'><strong>ad</strong></span> <span class='ocrx_word' id='word_1_12' title='bbox 1055 507 1114 570; x_wconf 84' lang='lat' dir='ltr'><strong>Ta·</strong></span> 
     </span>
     <span class='ocr_line' id='line_1_3' title="bbox 31 605 1115 693; baseline 0 -21"><span class='ocrx_word' id='word_1_13' title='bbox 31 611 154 672; x_wconf 89' lang='lat' dir='ltr'><strong>tisnum</strong></span> <span class='ocrx_word' id='word_1_14' title='bbox 167 609 205 691; x_wconf 88' lang='lat'><strong>¹).</strong></span> <span class='ocrx_word' id='word_1_15' title='bbox 253 609 326 670; x_wconf 72' lang='lat' dir='ltr'><strong>iios</strong></span> <span class='ocrx_word' id='word_1_16' title='bbox 349 606 388 671; x_wconf 85' lang='lat' dir='ltr'><strong>tie</strong></span> <span class='ocrx_word' id='word_1_17' title='bbox 410 605 549 687; x_wconf 77' lang='lat' dir='ltr'>Origene</span> <span class='ocrx_word' id='word_1_18' title='bbox 572 619 706 672; x_wconf 87' lang='lat' dir='ltr'><strong>testatur</strong></span> <span class='ocrx_word' id='word_1_19' title='bbox 732 623 763 672; x_wconf 90' lang='lat' dir='ltr'><strong>et</strong></span> <span class='ocrx_word' id='word_1_20' title='bbox 790 610 823 674; x_wconf 89' lang='lat' dir='ltr'><strong>S.</strong></span> <span class='ocrx_word' id='word_1_21' title='bbox 842 610 1053 691; x_wconf 70' lang='lat' dir='ltr'><strong>Hieronymus</strong></span> <span class='ocrx_word' id='word_1_22' title='bbox 1067 607 1115 693; x_wconf 56' lang='grc' dir='ltr'><strong>ης</strong></span> 
     </span>
     <span class='ocr_line' id='line_1_4' title="bbox 33 707 1114 793; baseline 0 -19"><span class='ocrx_word' id='word_1_23' title='bbox 33 726 77 788; x_wconf 89' lang='lat' dir='ltr'><strong>et,</strong></span> <span class='ocrx_word' id='word_1_24' title='bbox 109 723 146 774; x_wconf 89' lang='lat' dir='ltr'><strong>ut</strong></span> <span class='ocrx_word' id='word_1_25' title='bbox 166 713 211 773; x_wconf 89' lang='lat' dir='ltr'><strong>ait</strong></span> <span class='ocrx_word' id='word_1_26' title='bbox 233 709 266 772; x_wconf 89' lang='lat' dir='ltr'><strong>S.</strong></span> <span class='ocrx_word' id='word_1_27' title='bbox 286 711 421 772; x_wconf 83' lang='lat' dir='ltr'><strong>Thomas</strong></span> <span class='ocrx_word' id='word_1_28' title='bbox 434 707 462 793; x_wconf 79' lang='lat'><strong>³)</strong></span> <span class='ocrx_word' id='word_1_29' title='bbox 485 707 656 789; x_wconf 80' lang='lat' dir='ltr'><strong>„Origenes</strong></span> <span class='ocrx_word' id='word_1_30' title='bbox 677 713 786 793; x_wconf 81' lang='lat' dir='ltr'><strong>¹posuit</strong></span> <span class='ocrx_word' id='word_1_31' title='bbox 814 713 959 774; x_wconf 84' lang='lat' dir='ltr'><strong>eoelestis</strong></span> <span class='ocrx_word' id='word_1_32' title='bbox 981 733 1114 793; x_wconf 78' lang='lat' dir='ltr'><strong>corpora</strong></span> 
     </span>
     <span class='ocr_line' id='line_1_5' title="bbox 32 813 1114 894; baseline 0.002 -18"><span class='ocrx_word' id='word_1_33' title='bbox 32 815 177 876; x_wconf 89' lang='lat' dir='ltr'><strong>animata.</strong></span> <span class='ocrx_word' id='word_1_34' title='bbox 219 813 432 894; x_wconf 74' lang='lat' dir='ltr'>Hieronymus</span> <span class='ocrx_word' id='word_1_35' title='bbox 453 813 547 876; x_wconf 85' lang='lat' dir='ltr'><strong>stiam</strong></span> <span class='ocrx_word' id='word_1_36' title='bbox 568 813 652 878; x_wconf 86' lang='lat' dir='ltr'><strong>idem</strong></span> <span class='ocrx_word' id='word_1_37' title='bbox 672 817 789 879; x_wconf 88' lang='lat' dir='ltr'><strong>sentire</strong></span> <span class='ocrx_word' id='word_1_38' title='bbox 810 815 946 893; x_wconf 84' lang='lat' dir='ltr'><strong>videtur,</strong></span> <span class='ocrx_word' id='word_1_39' title='bbox 967 814 1114 894; x_wconf 81' lang='lat' dir='ltr'><strong>Augusti·</strong></span> 
     </span>
     <span class='ocr_line' id='line_1_6' title="bbox 33 913 1116 1001; baseline 0 -23"><span class='ocrx_word' id='word_1_40' title='bbox 33 937 92 980; x_wconf 91' lang='lat' dir='ltr'><strong>nus</strong></span> <span class='ocrx_word' id='word_1_41' title='bbox 113 935 191 980; x_wconf 80' lang='lat' dir='ltr'><strong>vero</strong></span> <span class='ocrx_word' id='word_1_42' title='bbox 211 917 270 980; x_wconf 89' lang='lat' dir='ltr'><strong>sub</strong></span> <span class='ocrx_word' id='word_1_43' title='bbox 299 913 395 979; x_wconf 83' lang='lat' dir='ltr'><strong>dubio</strong></span> <span class='ocrx_word' id='word_1_44' title='bbox 419 915 579 1000; x_wconf 88' lang='lat' dir='ltr'><strong>reliquit.”</strong></span> <span class='ocrx_word' id='word_1_45' title='bbox 622 915 709 980; x_wconf 86' lang='lat' dir='ltr'><strong>Idem</strong></span> <span class='ocrx_word' id='word_1_46' title='bbox 736 916 932 1001; x_wconf 76' lang='lat' dir='ltr'><strong>Thomu⁴):</strong></span> <span class='ocrx_word' id='word_1_47' title='bbox 962 917 1041 995; x_wconf 86' lang='lat' dir='ltr'><strong>„hoe</strong></span> <span class='ocrx_word' id='word_1_48' title='bbox 1060 937 1116 980; x_wconf 88' lang='lat' dir='ltr'><strong>an·</strong></span> 
     </span>
     <span class='ocr_line' id='line_1_7' title="bbox 33 1016 1115 1102; baseline 0 -21"><span class='ocrx_word' id='word_1_49' title='bbox 33 1031 98 1082; x_wconf 82' lang='lat' dir='ltr'><strong>tens</strong></span> <span class='ocrx_word' id='word_1_50' title='bbox 120 1016 206 1102; x_wconf 85' lang='lat' dir='ltr'><strong>quod</strong></span> <span class='ocrx_word' id='word_1_51' title='bbox 225 1016 342 1080; x_wconf 85' lang='lat' dir='ltr'><strong>dietum</strong></span> <span class='ocrx_word' id='word_1_52' title='bbox 359 1029 408 1082; x_wconf 88' lang='lat' dir='ltr'><strong>est</strong></span> <span class='ocrx_word' id='word_1_53' title='bbox 422 1016 462 1080; x_wconf 83' lang='lat' dir='ltr'><strong>ds</strong></span> <span class='ocrx_word' id='word_1_54' title='bbox 476 1018 667 1081; x_wconf 72' lang='lat' dir='ltr'><strong>animatione</strong></span> <span class='ocrx_word' id='word_1_55' title='bbox 685 1020 774 1097; x_wconf 81' lang='lat' dir='ltr'><strong>cosli,</strong></span> <span class='ocrx_word' id='word_1_56' title='bbox 796 1039 860 1082; x_wconf 90' lang='lat' dir='ltr'><strong>non</strong></span> <span class='ocrx_word' id='word_1_57' title='bbox 875 1019 1012 1082; x_wconf 81' lang='lat' dir='ltr'><strong>diximus</strong></span> <span class='ocrx_word' id='word_1_58' title='bbox 1026 1021 1115 1102; x_wconf 90' lang='lat' dir='ltr'><strong>quasi</strong></span> 
     </span>
     <span class='ocr_line' id='line_1_8' title="bbox 32 1119 1115 1204; baseline 0 -20"><span class='ocrx_word' id='word_1_59' title='bbox 32 1119 201 1184; x_wconf 82' lang='lat' dir='ltr'><strong>asserendo</strong></span> <span class='ocrx_word' id='word_1_60' title='bbox 221 1119 393 1184; x_wconf 83' lang='lat' dir='ltr'><strong>seeundum</strong></span> <span class='ocrx_word' id='word_1_61' title='bbox 413 1119 489 1182; x_wconf 77' lang='lat' dir='ltr'><strong>fidet</strong></span> <span class='ocrx_word' id='word_1_62' title='bbox 510 1119 702 1200; x_wconf 84' lang='lat' dir='ltr'><strong>doctrinam,</strong></span> <span class='ocrx_word' id='word_1_63' title='bbox 733 1119 889 1204; x_wconf 86' lang='lat' dir='ltr'><strong>adquam</strong></span> <span class='ocrx_word' id='word_1_64' title='bbox 912 1122 992 1184; x_wconf 83' lang='lat' dir='ltr'><strong>nihil</strong></span> <span class='ocrx_word' id='word_1_65' title='bbox 1018 1123 1115 1203; x_wconf 89' lang='lat' dir='ltr'><strong>perti-</strong></span> 
     </span>
     <span class='ocr_line' id='line_1_9' title="bbox 33 1221 1116 1301; baseline 0.001 -16"><span class='ocrx_word' id='word_1_66' title='bbox 33 1237 107 1300; x_wconf 91' lang='lat' dir='ltr'><strong>net,</strong></span> <span class='ocrx_word' id='word_1_67' title='bbox 137 1223 204 1288; x_wconf 77' lang='lat' dir='ltr'><strong>sir&#39;e</strong></span> <span class='ocrx_word' id='word_1_68' title='bbox 226 1223 288 1301; x_wconf 87' lang='lat' dir='ltr'><strong>sie,</strong></span> <span class='ocrx_word' id='word_1_69' title='bbox 320 1223 386 1286; x_wconf 76' lang='lat' dir='ltr'><strong>sies</strong></span> <span class='ocrx_word' id='word_1_70' title='bbox 409 1223 501 1286; x_wconf 85' lang='lat' dir='ltr'><strong>aliter</strong></span> <span class='ocrx_word' id='word_1_71' title='bbox 522 1221 671 1286; x_wconf 63' lang='lat' dir='ltr'><strong>diesturl’</strong></span> <span class='ocrx_word' id='word_1_72' title='bbox 720 1222 819 1286; x_wconf 86' lang='lat' dir='ltr'><strong>Vides</strong></span> <span class='ocrx_word' id='word_1_73' title='bbox 841 1222 874 1286; x_wconf 88' lang='grc'><strong>8.</strong></span> <span class='ocrx_word' id='word_1_74' title='bbox 893 1225 1045 1288; x_wconf 86' lang='lat' dir='ltr'><strong>Thomam</strong></span> <span class='ocrx_word' id='word_1_75' title='bbox 1065 1223 1116 1286; x_wconf 86' lang='lat' dir='ltr'><strong>hic</strong></span> 
     </span>
     <span class='ocr_line' id='line_1_10' title="bbox 34 1324 1117 1408; baseline 0.001 -21"><span class='ocrx_word' id='word_1_76' title='bbox 34 1324 208 1388; x_wconf 71' lang='lat' dir='ltr'><strong>modestius</strong></span> <span class='ocrx_word' id='word_1_77' title='bbox 225 1325 324 1404; x_wconf 79' lang='lat' dir='ltr'><strong>egisse</strong></span> <span class='ocrx_word' id='word_1_78' title='bbox 341 1342 435 1408; x_wconf 81' lang='lat' dir='ltr'><strong>quam</strong></span> <span class='ocrx_word' id='word_1_79' title='bbox 451 1325 673 1407; x_wconf 85' lang='lat' dir='ltr'><strong>imperatorem</strong></span> <span class='ocrx_word' id='word_1_80' title='bbox 688 1325 904 1402; x_wconf 86' lang='lat' dir='ltr'><strong>iustinisnum‚</strong></span> <span class='ocrx_word' id='word_1_81' title='bbox 925 1326 982 1408; x_wconf 90' lang='lat' dir='ltr'><strong>qui</strong></span> <span class='ocrx_word' id='word_1_82' title='bbox 1002 1327 1035 1388; x_wconf 91' lang='lat' dir='ltr'><strong>in</strong></span> <span class='ocrx_word' id='word_1_83' title='bbox 1051 1331 1117 1390; x_wconf 78' lang='lat' dir='ltr'><strong>Sm&#39;s</strong></span> 
     </span>
     <span class='ocr_line' id='line_1_11' title="bbox 35 1426 1116 1508; baseline 0.001 -19"><span class='ocrx_word' id='word_1_84' title='bbox 35 1440 145 1490; x_wconf 87' lang='lat' dir='ltr'><strong>contra</strong></span> <span class='ocrx_word' id='word_1_85' title='bbox 160 1426 328 1508; x_wconf 83' lang='lat' dir='ltr'><strong>Origsnsm</strong></span> <span class='ocrx_word' id='word_1_86' title='bbox 344 1431 584 1494; x_wconf 72' lang='lat' dir='ltr'><strong>anmianmismis</strong></span> <span class='ocrx_word' id='word_1_87' title='bbox 604 1442 687 1492; x_wconf 89' lang='lat' dir='ltr'><strong>astra</strong></span> <span class='ocrx_word' id='word_1_88' title='bbox 702 1448 765 1493; x_wconf 92' lang='lat' dir='ltr'><strong>non</strong></span> <span class='ocrx_word' id='word_1_89' title='bbox 786 1449 851 1492; x_wconf 88' lang='lat' dir='ltr'><strong>esse</strong></span> <span class='ocrx_word' id='word_1_90' title='bbox 866 1429 1035 1492; x_wconf 83' lang='lat' dir='ltr'><strong>animantia</strong></span> <span class='ocrx_word' id='word_1_91' title='bbox 1050 1449 1116 1490; x_wconf 85' lang='lat' dir='ltr'><strong>sre-</strong></span> 
     </span>
     <span class='ocr_line' id='line_1_12' title="bbox 35 1529 1116 1615; baseline 0 -21"><span class='ocrx_word' id='word_1_92' title='bbox 35 1529 173 1594; x_wconf 87' lang='lat' dir='ltr'><strong>dendum</strong></span> <span class='ocrx_word' id='word_1_93' title='bbox 187 1533 329 1610; x_wconf 75' lang='lat' dir='ltr'><strong>iusserat,</strong></span> <span class='ocrx_word' id='word_1_94' title='bbox 351 1534 493 1615; x_wconf 75' lang='lat' dir='ltr'><strong>beneque</strong></span> <span class='ocrx_word' id='word_1_95' title='bbox 508 1533 694 1596; x_wconf 85' lang='lat' dir='ltr'><strong>sententiam</strong></span> <span class='ocrx_word' id='word_1_96' title='bbox 708 1535 823 1614; x_wconf 83' lang='lat' dir='ltr'><strong>aPaps</strong></span> <span class='ocrx_word' id='word_1_97' title='bbox 833 1531 953 1611; x_wconf 75' lang='lat' dir='ltr'><strong>Vigiiio</strong></span> <span class='ocrx_word' id='word_1_98' title='bbox 967 1543 998 1593; x_wconf 93' lang='lat' dir='ltr'><strong>et</strong></span> <span class='ocrx_word' id='word_1_99' title='bbox 1012 1533 1116 1614; x_wconf 85' lang='lat' dir='ltr'><strong>quinti</strong></span> 
     </span>
     <span class='ocr_line' id='line_1_13' title="bbox 34 1631 1115 1716; baseline -0.001 -21"><span class='ocrx_word' id='word_1_100' title='bbox 34 1634 222 1697; x_wconf 86' lang='lat' dir='ltr'><strong>auctoritate</strong></span> <span class='ocrx_word' id='word_1_101' title='bbox 248 1635 381 1697; x_wconf 84' lang='lat' dir='ltr'><strong>Consilii</strong></span> <span class='ocrx_word' id='word_1_102' title='bbox 407 1633 649 1698; x_wconf 76' lang='lat' dir='ltr'><strong>confirmandam</strong></span> <span class='ocrx_word' id='word_1_103' title='bbox 678 1645 857 1713; x_wconf 79' lang='lat' dir='ltr'><strong>curaverat,</strong></span> <span class='ocrx_word' id='word_1_104' title='bbox 887 1633 926 1696; x_wconf 86' lang='lat' dir='ltr'><strong>de</strong></span> <span class='ocrx_word' id='word_1_105' title='bbox 953 1631 1115 1716; x_wconf 76' lang='lat' dir='ltr'><strong>quotide</strong></span> 
     </span>
     <span class='ocr_line' id='line_1_14' title="bbox 34 1733 385 1824; baseline 0.011 -26"><span class='ocrx_word' id='word_1_106' title='bbox 34 1739 189 1800; x_wconf 80' lang='lat' dir='ltr'><strong>Abbatem</strong></span> <span class='ocrx_word' id='word_1_107' title='bbox 209 1733 385 1824; x_wconf 59' lang='lat' dir='ltr'><strong>nttgnott).</strong></span> 
     </span>
    </p>

    <p class='ocr_par' dir='ltr' id='par_1_3' title="bbox 26 1835 1117 3236">
     <span class='ocr_line' id='line_1_15' title="bbox 121 1835 1116 1920; baseline -0.004 -17"><span class='ocrx_word' id='word_1_108' title='bbox 121 1841 201 1904; x_wconf 81' lang='lat' dir='ltr'><strong>Cum</strong></span> <span class='ocrx_word' id='word_1_109' title='bbox 226 1853 332 1906; x_wconf 84' lang='lat' dir='ltr'><strong>autem</strong></span> <span class='ocrx_word' id='word_1_110' title='bbox 357 1853 440 1904; x_wconf 86' lang='lat' dir='ltr'><strong>astra</strong></span> <span class='ocrx_word' id='word_1_111' title='bbox 466 1838 539 1902; x_wconf 85' lang='lat' dir='ltr'><strong>ideo</strong></span> <span class='ocrx_word' id='word_1_112' title='bbox 565 1837 596 1898; x_wconf 91' lang='lat' dir='ltr'><strong>in</strong></span> <span class='ocrx_word' id='word_1_113' title='bbox 618 1835 748 1900; x_wconf 83' lang='lat' dir='ltr'><strong>deorum</strong></span> <span class='ocrx_word' id='word_1_114' title='bbox 771 1857 903 1901; x_wconf 77' lang='lat' dir='ltr'><strong>memero</strong></span> <span class='ocrx_word' id='word_1_115' title='bbox 926 1837 1008 1920; x_wconf 87' lang='lat' dir='ltr'><strong>apud</strong></span> <span class='ocrx_word' id='word_1_116' title='bbox 1032 1837 1116 1900; x_wconf 81' lang='lat' dir='ltr'><strong>Stoi-</strong></span> 
     </span>
     <span class='ocr_line' id='line_1_16' title="bbox 35 1939 1117 2026; baseline -0.006 -23"><span class='ocrx_word' id='word_1_117' title='bbox 35 1961 87 2004; x_wconf 84' lang='lat' dir='ltr'><strong>eus</strong></span> <span class='ocrx_word' id='word_1_118' title='bbox 108 1959 346 2024; x_wconf 75' lang='lat' dir='ltr'><strong>reponerentur,</strong></span> <span class='ocrx_word' id='word_1_119' title='bbox 368 1941 454 2026; x_wconf 86' lang='lat' dir='ltr'><strong>quod</strong></span> <span class='ocrx_word' id='word_1_120' title='bbox 475 1951 578 2004; x_wconf 86' lang='lat' dir='ltr'><strong>essent</strong></span> <span class='ocrx_word' id='word_1_121' title='bbox 598 1939 748 2016; x_wconf 86' lang='lat' dir='ltr'><strong>estheris,</strong></span> <span class='ocrx_word' id='word_1_122' title='bbox 770 1940 909 2020; x_wconf 85' lang='lat' dir='ltr'><strong>supremi</strong></span> <span class='ocrx_word' id='word_1_123' title='bbox 930 1939 1006 2018; x_wconf 57' lang='lat' dir='ltr'><strong>tisis</strong></span> <span class='ocrx_word' id='word_1_124' title='bbox 1018 1941 1117 2019; x_wconf 88' lang='lat' dir='ltr'><strong>parti.</strong></span> 
     </span>
     <span class='ocr_line' id='line_1_17' title="bbox 35 2041 1116 2128; baseline -0.002 -23"><span class='ocrx_word' id='word_1_125' title='bbox 35 2047 134 2125; x_wconf 85' lang='lat' dir='ltr'><strong>enias,</strong></span> <span class='ocrx_word' id='word_1_126' title='bbox 155 2045 228 2108; x_wconf 86' lang='lat' dir='ltr'><strong>hine</strong></span> <span class='ocrx_word' id='word_1_127' title='bbox 246 2057 278 2107; x_wconf 83' lang='lat' dir='ltr'><strong>et</strong></span> <span class='ocrx_word' id='word_1_128' title='bbox 296 2046 392 2108; x_wconf 90' lang='lat' dir='ltr'><strong>animi</strong></span> <span class='ocrx_word' id='word_1_129' title='bbox 413 2058 509 2128; x_wconf 88' lang='lat' dir='ltr'><strong>atque</strong></span> <span class='ocrx_word' id='word_1_130' title='bbox 528 2041 712 2125; x_wconf 88' lang='lat' dir='ltr'><strong>praesertim</strong></span> <span class='ocrx_word' id='word_1_131' title='bbox 735 2042 954 2105; x_wconf 84' lang='lat' dir='ltr'><strong>excellentium</strong></span> <span class='ocrx_word' id='word_1_132' title='bbox 974 2043 1116 2105; x_wconf 83' lang='lat' dir='ltr'><strong>virorum</strong></span> 
     </span>
     <span class='ocr_line' id='line_1_18' title="bbox 35 2142 1114 2227; baseline 0 -20"><span class='ocrx_word' id='word_1_133' title='bbox 35 2157 155 2209; x_wconf 88' lang='lat' dir='ltr'><strong>mentes</strong></span> <span class='ocrx_word' id='word_1_134' title='bbox 180 2149 220 2208; x_wconf 89' lang='lat' dir='ltr'><strong>ob</strong></span> <span class='ocrx_word' id='word_1_135' title='bbox 243 2149 322 2209; x_wconf 86' lang='lat' dir='ltr'><strong>henr</strong></span> <span class='ocrx_word' id='word_1_136' title='bbox 343 2146 473 2210; x_wconf 85' lang='lat' dir='ltr'><strong>eandem</strong></span> <span class='ocrx_word' id='word_1_137' title='bbox 495 2165 617 2209; x_wconf 81' lang='lat' dir='ltr'><strong>reusam</strong></span> <span class='ocrx_word' id='word_1_138' title='bbox 639 2161 700 2226; x_wconf 88' lang='lat' dir='ltr'><strong>pro</strong></span> <span class='ocrx_word' id='word_1_139' title='bbox 721 2142 783 2206; x_wconf 83' lang='lat' dir='ltr'><strong>diis</strong></span> <span class='ocrx_word' id='word_1_140' title='bbox 805 2145 1007 2224; x_wconf 80' lang='lat' dir='ltr'><strong>habebantur,</strong></span> <span class='ocrx_word' id='word_1_141' title='bbox 1029 2144 1114 2227; x_wconf 85' lang='lat' dir='ltr'><strong>quod</strong></span> 
     </span>
     <span class='ocr_line' id='line_1_19' title="bbox 32 2225 1117 2332; baseline -0.005 -20"><span class='ocrx_word' id='word_1_142' title='bbox 32 2225 140 2313; x_wconf 64' lang='lat' dir='ltr'><strong>essent</strong></span> <span class='ocrx_word' id='word_1_143' title='bbox 160 2263 326 2330; x_wconf 90' lang='lat' dir='ltr'><strong>astrorum,</strong></span> <span class='ocrx_word' id='word_1_144' title='bbox 348 2270 383 2313; x_wconf 87' lang='lat' dir='ltr'><strong>se</strong></span> <span class='ocrx_word' id='word_1_145' title='bbox 404 2248 538 2332; x_wconf 86' lang='lat' dir='ltr'><strong>proinde</strong></span> <span class='ocrx_word' id='word_1_146' title='bbox 558 2247 695 2310; x_wconf 82' lang='lat' dir='ltr'><strong>estheris</strong></span> <span class='ocrx_word' id='word_1_147' title='bbox 720 2259 750 2308; x_wconf 91' lang='lat' dir='ltr'><strong>et</strong></span> <span class='ocrx_word' id='word_1_148' title='bbox 773 2249 894 2310; x_wconf 85' lang='lat' dir='ltr'><strong>enimse</strong></span> <span class='ocrx_word' id='word_1_149' title='bbox 913 2245 1022 2310; x_wconf 88' lang='lat' dir='ltr'><strong>mundi</strong></span> <span class='ocrx_word' id='word_1_150' title='bbox 1043 2266 1117 2327; x_wconf 86' lang='lat' dir='ltr'><strong>per·</strong></span> 
     </span>
     <span class='ocr_line' id='line_1_20' title="bbox 34 2351 1116 2440; baseline 0.002 -26"><span class='ocrx_word' id='word_1_151' title='bbox 34 2365 92 2415; x_wconf 90' lang='lat' dir='ltr'><strong>tes.</strong></span> <span class='ocrx_word' id='word_1_152' title='bbox 136 2355 222 2416; x_wconf 87' lang='lat' dir='ltr'><strong>Vere</strong></span> <span class='ocrx_word' id='word_1_153' title='bbox 242 2354 359 2418; x_wconf 80' lang='lat' dir='ltr'><strong>Sensus</strong></span> <span class='ocrx_word' id='word_1_154' title='bbox 371 2351 417 2440; x_wconf 77' lang='lat' dir='ltr'><strong>⁶J:</strong></span> <span class='ocrx_word' id='word_1_155' title='bbox 439 2353 652 2417; x_wconf 74' lang='lat' dir='ltr'><strong>rtmumerabries</strong></span> <span class='ocrx_word' id='word_1_156' title='bbox 671 2363 735 2412; x_wconf 81' lang='lat' dir='ltr'><strong>sunt</strong></span> <span class='ocrx_word' id='word_1_157' title='bbox 757 2359 929 2434; x_wconf 80' lang='lat' dir='ltr'><strong>quaestiones</strong></span> <span class='ocrx_word' id='word_1_158' title='bbox 950 2353 1116 2416; x_wconf 73' lang='lat' dir='ltr'><strong>deerimus</strong></span> 
     </span>
     <span class='ocr_line' id='line_1_21' title="bbox 37 2455 1116 2543; baseline -0.003 -27"><span class='ocrx_word' id='word_1_159' title='bbox 37 2459 173 2534; x_wconf 82' lang='lat' dir='ltr'><strong>undeni,</strong></span> <span class='ocrx_word' id='word_1_160' title='bbox 193 2462 283 2543; x_wconf 65' lang='lat' dir='ltr'><strong>quoia</strong></span> <span class='ocrx_word' id='word_1_161' title='bbox 298 2463 343 2536; x_wconf 84' lang='lat' dir='ltr'><strong>sit,</strong></span> <span class='ocrx_word' id='word_1_162' title='bbox 364 2459 478 2542; x_wconf 80' lang='lat' dir='ltr'><strong>quando</strong></span> <span class='ocrx_word' id='word_1_163' title='bbox 497 2479 556 2519; x_wconf 87' lang='lat' dir='ltr'><strong>esse</strong></span> <span class='ocrx_word' id='word_1_164' title='bbox 571 2460 694 2537; x_wconf 72' lang='lat' dir='ltr'><strong>incipiat,</strong></span> <span class='ocrx_word' id='word_1_165' title='bbox 717 2457 855 2536; x_wconf 78' lang='lat' dir='ltr'><strong>quamdiu</strong></span> <span class='ocrx_word' id='word_1_166' title='bbox 876 2461 920 2532; x_wconf 82' lang='lat' dir='ltr'><strong>ssi,</strong></span> <span class='ocrx_word' id='word_1_167' title='bbox 942 2475 981 2516; x_wconf 86' lang='lat' dir='ltr'><strong>an</strong></span> <span class='ocrx_word' id='word_1_168' title='bbox 1002 2455 1116 2515; x_wconf 78' lang='lat' dir='ltr'><strong>aliunde</strong></span> 
     </span>
     <span class='ocr_line' id='line_1_22' title="bbox 35 2555 1116 2634; baseline -0.006 -12"><span class='ocrx_word' id='word_1_169' title='bbox 35 2562 93 2622; x_wconf 83' lang='lat' dir='ltr'><strong>aiio</strong></span> <span class='ocrx_word' id='word_1_170' title='bbox 112 2571 256 2634; x_wconf 75' lang='lat' dir='ltr'><strong>ramme,</strong></span> <span class='ocrx_word' id='word_1_171' title='bbox 282 2573 308 2623; x_wconf 86' lang='lat' dir='ltr'><strong>et</strong></span> <span class='ocrx_word' id='word_1_172' title='bbox 330 2563 497 2624; x_wconf 83' lang='lat' dir='ltr'><strong>domier&#39;iiam</strong></span> <span class='ocrx_word' id='word_1_173' title='bbox 518 2570 620 2634; x_wconf 80' lang='lat' dir='ltr'><strong>mutet,</strong></span> <span class='ocrx_word' id='word_1_174' title='bbox 650 2557 693 2620; x_wconf 85' lang='lat' dir='ltr'><strong>ud</strong></span> <span class='ocrx_word' id='word_1_175' title='bbox 711 2559 786 2616; x_wconf 73' lang='lat' dir='ltr'><strong>atne</strong></span> <span class='ocrx_word' id='word_1_176' title='bbox 809 2558 973 2623; x_wconf 65' lang='lat' dir='ltr'><strong>mimavnm</strong></span> <span class='ocrx_word' id='word_1_177' title='bbox 990 2555 1116 2634; x_wconf 80' lang='lat' dir='ltr'><strong>formas,</strong></span> 
     </span>
     <span class='ocr_line' id='line_1_23' title="bbox 34 2661 1114 2748; baseline -0.006 -23"><span class='ocrx_word' id='word_1_178' title='bbox 34 2665 165 2748; x_wconf 74' lang='lat' dir='ltr'><strong>aliasque</strong></span> <span class='ocrx_word' id='word_1_179' title='bbox 185 2669 337 2741; x_wconf 69' lang='lat' dir='ltr'><strong>cernemus,</strong></span> <span class='ocrx_word' id='word_1_180' title='bbox 365 2685 404 2725; x_wconf 81' lang='lat' dir='ltr'><strong>mr</strong></span> <span class='ocrx_word' id='word_1_181' title='bbox 421 2685 476 2724; x_wconf 86' lang='lat' dir='ltr'><strong>non</strong></span> <span class='ocrx_word' id='word_1_182' title='bbox 496 2662 616 2742; x_wconf 75' lang='lat' dir='ltr'><strong>amphias</strong></span> <span class='ocrx_word' id='word_1_183' title='bbox 638 2678 726 2739; x_wconf 84' lang='lat' dir='ltr'><strong>quom</strong></span> <span class='ocrx_word' id='word_1_184' title='bbox 747 2661 832 2719; x_wconf 77' lang='lat' dir='ltr'><strong>semei</strong></span> <span class='ocrx_word' id='word_1_185' title='bbox 849 2663 965 2734; x_wconf 63' lang='lat' dir='ltr'><strong>senam,</strong></span> <span class='ocrx_word' id='word_1_186' title='bbox 986 2671 1014 2719; x_wconf 87' lang='lat' dir='ltr'><strong>et</strong></span> <span class='ocrx_word' id='word_1_187' title='bbox 1033 2665 1114 2720; x_wconf 82' lang='lat' dir='ltr'><strong>emis-</strong></span> 
     </span>
     <span class='ocr_line' id='line_1_24' title="bbox 33 2763 1115 2846; baseline -0.002 -22"><span class='ocrx_word' id='word_1_188' title='bbox 33 2785 85 2824; x_wconf 82' lang='lat' dir='ltr'><strong>sas</strong></span> <span class='ocrx_word' id='word_1_189' title='bbox 110 2777 243 2842; x_wconf 67' lang='lat' dir='ltr'><strong>nugetur</strong></span> <span class='ocrx_word' id='word_1_190' title='bbox 271 2770 299 2827; x_wconf 86' lang='lat' dir='ltr'><strong>in</strong></span> <span class='ocrx_word' id='word_1_191' title='bbox 326 2777 401 2829; x_wconf 81' lang='lat' dir='ltr'><strong>toto.-</strong></span> <span class='ocrx_word' id='word_1_192' title='bbox 432 2777 525 2828; x_wconf 83' lang='lat' dir='ltr'><strong>utrum</strong></span> <span class='ocrx_word' id='word_1_193' title='bbox 552 2782 655 2844; x_wconf 82' lang='lat' dir='ltr'><strong>eorpus</strong></span> <span class='ocrx_word' id='word_1_194' title='bbox 673 2767 726 2834; x_wconf 81' lang='lat' dir='ltr'><strong>sit,</strong></span> <span class='ocrx_word' id='word_1_195' title='bbox 760 2781 800 2820; x_wconf 86' lang='lat' dir='ltr'><strong>an</strong></span> <span class='ocrx_word' id='word_1_196' title='bbox 827 2779 881 2821; x_wconf 83' lang='lat' dir='ltr'><strong>non</strong></span> <span class='ocrx_word' id='word_1_197' title='bbox 908 2764 957 2822; x_wconf 80' lang='lat' dir='ltr'><strong>st.-</strong></span> <span class='ocrx_word' id='word_1_198' title='bbox 991 2763 1060 2846; x_wconf 79' lang='lat' dir='ltr'><strong>puid</strong></span> <span class='ocrx_word' id='word_1_199' title='bbox 1079 2767 1115 2822; x_wconf 81' lang='lat' dir='ltr'><strong>sit</strong></span> 
     </span>
     <span class='ocr_line' id='line_1_25' title="bbox 26 2863 1117 2952; baseline 0.002 -26"><span class='ocrx_word' id='word_1_200' title='bbox 26 2865 181 2947; x_wconf 78' lang='lat' dir='ltr'><strong>sarturas,</strong></span> <span class='ocrx_word' id='word_1_201' title='bbox 202 2890 266 2928; x_wconf 87' lang='lat' dir='ltr'><strong>cum</strong></span> <span class='ocrx_word' id='word_1_202' title='bbox 285 2889 339 2949; x_wconf 84' lang='lat' dir='ltr'><strong>per</strong></span> <span class='ocrx_word' id='word_1_203' title='bbox 360 2891 410 2932; x_wconf 81' lang='lat' dir='ltr'><strong>nos</strong></span> <span class='ocrx_word' id='word_1_204' title='bbox 430 2869 539 2952; x_wconf 75' lang='lat' dir='ltr'><strong>aliquid</strong></span> <span class='ocrx_word' id='word_1_205' title='bbox 550 2863 655 2944; x_wconf 81' lang='lat' dir='ltr'><strong>facere</strong></span> <span class='ocrx_word' id='word_1_206' title='bbox 677 2864 804 2924; x_wconf 74' lang='lat' dir='ltr'><strong>desierit:</strong></span> <span class='ocrx_word' id='word_1_207' title='bbox 831 2865 969 2948; x_wconf 83' lang='lat' dir='ltr'><strong>quomodo</strong></span> <span class='ocrx_word' id='word_1_208' title='bbox 991 2866 1117 2928; x_wconf 74' lang='lat' dir='ltr'><strong>libanam</strong></span> 
     </span>
     <span class='ocr_line' id='line_1_26' title="bbox 34 2966 1116 3050; baseline 0.002 -22"><span class='ocrx_word' id='word_1_209' title='bbox 34 2989 91 3029; x_wconf 84' lang='lat' dir='ltr'><strong>sun</strong></span> <span class='ocrx_word' id='word_1_210' title='bbox 113 2991 233 3044; x_wconf 81' lang='lat' dir='ltr'><strong>manu,</strong></span> <span class='ocrx_word' id='word_1_211' title='bbox 260 2989 324 3029; x_wconf 85' lang='lat' dir='ltr'><strong>sum</strong></span> <span class='ocrx_word' id='word_1_212' title='bbox 345 2991 382 3031; x_wconf 79' lang='lat' dir='ltr'><strong>em</strong></span> <span class='ocrx_word' id='word_1_213' title='bbox 406 2971 463 3032; x_wconf 75' lang='lat' dir='ltr'><strong>tar</strong></span> <span class='ocrx_word' id='word_1_214' title='bbox 489 2969 620 3050; x_wconf 66' lang='lat' dir='ltr'><strong>effugent</strong></span> <span class='ocrx_word' id='word_1_215' title='bbox 641 2986 747 3036; x_wconf 66' lang='lat' dir='ltr'><strong>ranem</strong></span> <span class='ocrx_word' id='word_1_216' title='bbox 781 2985 820 3025; x_wconf 86' lang='lat' dir='ltr'><strong>an</strong></span> <span class='ocrx_word' id='word_1_217' title='bbox 842 2966 1018 3028; x_wconf 70' lang='lat' dir='ltr'><strong>obliviscatur</strong></span> <span class='ocrx_word' id='word_1_218' title='bbox 1038 2973 1116 3049; x_wconf 83' lang='lat' dir='ltr'><strong>prio-</strong></span> 
     </span>
     <span class='ocr_line' id='line_1_27' title="bbox 35 3069 1117 3154; baseline -0.002 -24"><span class='ocrx_word' id='word_1_219' title='bbox 35 3093 115 3146; x_wconf 84' lang='lat' dir='ltr'><strong>rum,</strong></span> <span class='ocrx_word' id='word_1_220' title='bbox 136 3083 162 3132; x_wconf 87' lang='lat' dir='ltr'><strong>et</strong></span> <span class='ocrx_word' id='word_1_221' title='bbox 186 3073 238 3132; x_wconf 82' lang='lat' dir='ltr'><strong>illie</strong></span> <span class='ocrx_word' id='word_1_222' title='bbox 260 3093 340 3134; x_wconf 86' lang='lat' dir='ltr'><strong>nosse</strong></span> <span class='ocrx_word' id='word_1_223' title='bbox 357 3094 388 3134; x_wconf 85' lang='lat' dir='ltr'><strong>se</strong></span> <span class='ocrx_word' id='word_1_224' title='bbox 411 3077 541 3154; x_wconf 77' lang='lat' dir='ltr'><strong>incipiat,</strong></span> <span class='ocrx_word' id='word_1_225' title='bbox 561 3083 711 3154; x_wconf 73' lang='lat' dir='ltr'><strong>postquam</strong></span> <span class='ocrx_word' id='word_1_226' title='bbox 735 3070 772 3128; x_wconf 86' lang='lat' dir='ltr'><strong>de</strong></span> <span class='ocrx_word' id='word_1_227' title='bbox 791 3088 909 3148; x_wconf 84' lang='lat' dir='ltr'><strong>corpore</strong></span> <span class='ocrx_word' id='word_1_228' title='bbox 930 3069 1071 3130; x_wconf 81' lang='lat' dir='ltr'><strong>abductus</strong></span> <span class='ocrx_word' id='word_1_229' title='bbox 1089 3075 1117 3128; x_wconf 84' lang='lat' dir='ltr'><strong>in</strong></span> 
     </span>
     <span class='ocr_line' id='line_1_28' title="bbox 34 3175 288 3236; baseline 0.008 -3"><span class='ocrx_word' id='word_1_230' title='bbox 34 3175 151 3235; x_wconf 81' lang='lat' dir='ltr'><strong>sublime</strong></span> <span class='ocrx_word' id='word_1_231' title='bbox 170 3179 288 3236; x_wconf 80' lang='lat' dir='ltr'><strong>sesmsit.</strong></span> 
     </span>
    </p>

    <p class='ocr_par' dir='ltr' id='par_1_4' title="bbox 36 3267 1191 3769">
     <span class='ocr_line' id='line_1_29' title="bbox 125 3267 1191 3353; baseline -0.005 -19"><span class='ocrx_word' id='word_1_232' title='bbox 125 3275 186 3335; x_wconf 87' lang='lat' dir='ltr'><strong>lam</strong></span> <span class='ocrx_word' id='word_1_233' title='bbox 205 3286 307 3338; x_wconf 72' lang='lat' dir='ltr'><strong>sertem</strong></span> <span class='ocrx_word' id='word_1_234' title='bbox 326 3273 561 3353; x_wconf 85' lang='lat' dir='ltr'><strong>declaravimus,</strong></span> <span class='ocrx_word' id='word_1_235' title='bbox 582 3271 749 3338; x_wconf 85' lang='lat' dir='ltr'><strong>seeundum</strong></span> <span class='ocrx_word' id='word_1_236' title='bbox 772 3271 893 3334; x_wconf 87' lang='lat' dir='ltr'><strong>Stoicos</strong></span> <span class='ocrx_word' id='word_1_237' title='bbox 912 3267 1059 3347; x_wconf 90' lang='lat' dir='ltr'><strong>animum,</strong></span> <span class='ocrx_word' id='word_1_238' title='bbox 1081 3281 1115 3330; x_wconf 92' lang='lat' dir='ltr'><strong>ut</strong></span> <span class='ocrx_word' id='word_1_239' title='bbox 1188 3291 1191 3300; x_wconf 93' lang='lat'><em>·</em></span> 
     </span>
     <span class='ocr_line' id='line_1_30' title="bbox 37 3369 1116 3460; baseline -0.004 -24"><span class='ocrx_word' id='word_1_240' title='bbox 37 3387 71 3436; x_wconf 90' lang='lat' dir='ltr'><strong>et</strong></span> <span class='ocrx_word' id='word_1_241' title='bbox 92 3373 194 3454; x_wconf 87' lang='lat' dir='ltr'><strong>deum,</strong></span> <span class='ocrx_word' id='word_1_242' title='bbox 216 3394 401 3458; x_wconf 86' lang='lat' dir='ltr'><strong>corporeum</strong></span> <span class='ocrx_word' id='word_1_243' title='bbox 420 3397 503 3460; x_wconf 87' lang='lat' dir='ltr'><strong>esse;</strong></span> <span class='ocrx_word' id='word_1_244' title='bbox 524 3397 608 3440; x_wconf 87' lang='lat' dir='ltr'><strong>nuno</strong></span> <span class='ocrx_word' id='word_1_245' title='bbox 627 3375 801 3452; x_wconf 81' lang='lat' dir='ltr'><strong>doceamus,</strong></span> <span class='ocrx_word' id='word_1_246' title='bbox 822 3371 906 3436; x_wconf 88' lang='lat' dir='ltr'><strong>unde</strong></span> <span class='ocrx_word' id='word_1_247' title='bbox 927 3372 978 3438; x_wconf 89' lang='lat' dir='ltr'><strong>sit.</strong></span> <span class='ocrx_word' id='word_1_248' title='bbox 1021 3369 1116 3432; x_wconf 89' lang='lat' dir='ltr'><strong>Laer-</strong></span> 
     </span>
     <span class='ocr_line' id='line_1_31' title="bbox 39 3474 1117 3563; baseline -0.005 -24"><span class='ocrx_word' id='word_1_249' title='bbox 39 3477 143 3562; x_wconf 81' lang='lat' dir='ltr'><strong>tius7)</strong></span> <span class='ocrx_word' id='word_1_250' title='bbox 164 3478 315 3558; x_wconf 85' lang='lat' dir='ltr'><strong>affirmat,</strong></span> <span class='ocrx_word' id='word_1_251' title='bbox 348 3479 461 3544; x_wconf 81' lang='lat' dir='ltr'><strong>Stoicis</strong></span> <span class='ocrx_word' id='word_1_252' title='bbox 480 3481 617 3557; x_wconf 85' lang='lat' dir='ltr'><strong>animos,</strong></span> <span class='ocrx_word' id='word_1_253' title='bbox 651 3479 762 3563; x_wconf 84' lang='lat' dir='ltr'><strong>quiin</strong></span> <span class='ocrx_word' id='word_1_254' title='bbox 789 3474 997 3540; x_wconf 84' lang='lat' dir='ltr'><strong>animantibus</strong></span> <span class='ocrx_word' id='word_1_255' title='bbox 1024 3493 1117 3554; x_wconf 89' lang='lat' dir='ltr'><strong>reps-</strong></span> 
     </span>
     <span class='ocr_line' id='line_1_32' title="bbox 36 3576 1116 3665; baseline -0.005 -25"><span class='ocrx_word' id='word_1_256' title='bbox 36 3579 177 3657; x_wconf 86' lang='lat' dir='ltr'><strong>riantur,</strong></span> <span class='ocrx_word' id='word_1_257' title='bbox 198 3582 384 3646; x_wconf 90' lang='lat' dir='ltr'><strong>immortalis</strong></span> <span class='ocrx_word' id='word_1_258' title='bbox 405 3584 525 3646; x_wconf 87' lang='lat' dir='ltr'><strong>animae</strong></span> <span class='ocrx_word' id='word_1_259' title='bbox 545 3581 655 3646; x_wconf 85' lang='lat' dir='ltr'><strong>mundi</strong></span> <span class='ocrx_word' id='word_1_260' title='bbox 676 3578 922 3665; x_wconf 66' lang='lat' dir='ltr'><strong>parmenidem,</strong></span> <span class='ocrx_word' id='word_1_261' title='bbox 945 3589 978 3638; x_wconf 91' lang='lat' dir='ltr'><strong>ut</strong></span> <span class='ocrx_word' id='word_1_262' title='bbox 1001 3588 1032 3637; x_wconf 91' lang='lat' dir='ltr'><strong>et</strong></span> <span class='ocrx_word' id='word_1_263' title='bbox 1054 3576 1116 3636; x_wconf 86' lang='lat' dir='ltr'><strong>iam</strong></span> 
     </span>
     <span class='ocr_line' id='line_1_33' title="bbox 39 3681 1116 3769; baseline -0.006 -25"><span class='ocrx_word' id='word_1_264' title='bbox 39 3681 179 3769; x_wconf 79' lang='lat' dir='ltr'><strong>supre⁸)</strong></span> <span class='ocrx_word' id='word_1_265' title='bbox 208 3687 446 3764; x_wconf 78' lang='lat' dir='ltr'><strong>observaverat,</strong></span> <span class='ocrx_word' id='word_1_266' title='bbox 477 3686 627 3749; x_wconf 89' lang='lat' dir='ltr'><strong>mundum</strong></span> <span class='ocrx_word' id='word_1_267' title='bbox 649 3687 836 3748; x_wconf 78' lang='lat' dir='ltr'><strong>animantem</strong></span> <span class='ocrx_word' id='word_1_268' title='bbox 859 3701 942 3758; x_wconf 85' lang='lat' dir='ltr'><strong>esse,</strong></span> <span class='ocrx_word' id='word_1_269' title='bbox 969 3689 1077 3760; x_wconf 85' lang='lat' dir='ltr'><strong>patere</strong></span> <span class='ocrx_word' id='word_1_270' title='bbox 1100 3697 1116 3737; x_wconf 95' lang='lat' dir='ltr'><strong>s</strong></span> 
     </span>
    </p>
   </div>
   <div class='ocr_carea' id='block_1_3' title="bbox 45 3842 323 3858">
    <p class='ocr_par' dir='ltr' id='par_1_5' title="bbox 45 3842 323 3858">
     <span class='ocr_line' id='line_1_34' title="bbox 45 3842 323 3858; baseline 0.011 -9"><span class='ocrx_word' id='word_1_271' title='bbox 45 3842 227 3852; x_wconf 70' lang='lat' dir='ltr'><strong>—-——-—-u--</strong></span> <span class='ocrx_word' id='word_1_272' title='bbox 245 3845 323 3858; x_wconf 50' lang='grc' dir='ltr'><strong>..φ-,-</strong></span> 
     </span>
    </p>
   </div>
   <div class='ocr_carea' id='block_1_4' title="bbox 111 3931 969 4272">
    <p class='ocr_par' dir='ltr' id='par_1_6' title="bbox 111 3931 969 4272">
     <span class='ocr_line' id='line_1_35' title="bbox 111 3931 969 4005; baseline 0 -22"><span class='ocrx_word' id='word_1_273' title='bbox 111 3932 143 3998; x_wconf 82' lang='grc'><strong>1)</strong></span> <span class='ocrx_word' id='word_1_274' title='bbox 161 3931 226 4003; x_wconf 74' lang='lat' dir='ltr'><strong>Peg.</strong></span> <span class='ocrx_word' id='word_1_275' title='bbox 245 3935 288 3986; x_wconf 74' lang='lat'><strong>5⁰.</strong></span> <span class='ocrx_word' id='word_1_276' title='bbox 580 3940 611 4005; x_wconf 70' lang='lat'><strong>2)</strong></span> <span class='ocrx_word' id='word_1_277' title='bbox 629 3937 739 3992; x_wconf 67' lang='lat' dir='ltr'><strong>Adsere.</strong></span> <span class='ocrx_word' id='word_1_278' title='bbox 758 3934 864 3988; x_wconf 72' lang='lat' dir='ltr'><strong>Avitum</strong></span> <span class='ocrx_word' id='word_1_279' title='bbox 884 3951 902 4002; x_wconf 90' lang='lat' dir='ltr'><strong>p</strong></span> <span class='ocrx_word' id='word_1_280' title='bbox 926 3933 969 3984; x_wconf 75' lang='grc'><strong>59.</strong></span> 
     </span>
     <span class='ocr_line' id='line_1_36' title="bbox 111 4019 960 4096; baseline -0.001 -24"><span class='ocrx_word' id='word_1_281' title='bbox 111 4019 143 4086; x_wconf 77' lang='grc'><strong>3)</strong></span> <span class='ocrx_word' id='word_1_282' title='bbox 162 4021 173 4071; x_wconf 91' lang='lat'>1</span> <span class='ocrx_word' id='word_1_283' title='bbox 195 4031 262 4092; x_wconf 86' lang='lat' dir='ltr'><strong>part.</strong></span> <span class='ocrx_word' id='word_1_284' title='bbox 276 4033 376 4093; x_wconf 84' lang='lat' dir='ltr'><strong>quaest.</strong></span> <span class='ocrx_word' id='word_1_285' title='bbox 388 4028 431 4078; x_wconf 84' lang='lat' dir='ltr'><strong>to.</strong></span> <span class='ocrx_word' id='word_1_286' title='bbox 450 4035 498 4080; x_wconf 82' lang='lat' dir='ltr'><strong>nrt.</strong></span> <span class='ocrx_word' id='word_1_287' title='bbox 511 4027 554 4079; x_wconf 84' lang='lat' dir='ltr'><strong>ts.</strong></span> <span class='ocrx_word' id='word_1_288' title='bbox 578 4029 612 4092; x_wconf 82' lang='lat' dir='ltr'><strong>t)</strong></span> <span class='ocrx_word' id='word_1_289' title='bbox 632 4023 733 4078; x_wconf 84' lang='lat' dir='ltr'><strong>Contra</strong></span> <span class='ocrx_word' id='word_1_290' title='bbox 754 4033 846 4096; x_wconf 80' lang='lat' dir='ltr'><strong>gentes</strong></span> <span class='ocrx_word' id='word_1_291' title='bbox 864 4019 896 4086; x_wconf 86' lang='grc' dir='ltr'><strong>ΙΙ,</strong></span> <span class='ocrx_word' id='word_1_292' title='bbox 914 4020 960 4071; x_wconf 78' lang='lat' dir='ltr'><strong>to.</strong></span> 
     </span>
     <span class='ocr_line' id='line_1_37' title="bbox 111 4107 960 4183; baseline -0.004 -22"><span class='ocrx_word' id='word_1_293' title='bbox 111 4109 143 4175; x_wconf 73' lang='grc'><strong>5)</strong></span> <span class='ocrx_word' id='word_1_294' title='bbox 162 4107 243 4162; x_wconf 70' lang='lat' dir='ltr'><strong>Mirr.</strong></span> <span class='ocrx_word' id='word_1_295' title='bbox 261 4110 295 4163; x_wconf 89' lang='lat' dir='ltr'><strong>de</strong></span> <span class='ocrx_word' id='word_1_296' title='bbox 314 4108 414 4164; x_wconf 79' lang='lat' dir='ltr'><strong>t&#39;Acst.</strong></span> <span class='ocrx_word' id='word_1_297' title='bbox 432 4112 479 4166; x_wconf 85' lang='lat' dir='ltr'><strong>des</strong></span> <span class='ocrx_word' id='word_1_298' title='bbox 494 4112 668 4183; x_wconf 84' lang='lat' dir='ltr'><strong>inscriptions</strong></span> <span class='ocrx_word' id='word_1_299' title='bbox 684 4111 717 4164; x_wconf 87' lang='grc' dir='ltr'><strong>Τ.</strong></span> <span class='ocrx_word' id='word_1_300' title='bbox 736 4109 834 4164; x_wconf 78' lang='lat' dir='ltr'><strong>xxxi.</strong></span> <span class='ocrx_word' id='word_1_301' title='bbox 853 4126 879 4178; x_wconf 92' lang='lat' dir='ltr'><strong>p.</strong></span> <span class='ocrx_word' id='word_1_302' title='bbox 900 4107 960 4162; x_wconf 69' lang='grc'><strong>186.</strong></span> 
     </span>
     <span class='ocr_line' id='line_1_38' title="bbox 112 4195 949 4272; baseline 0 -23"><span class='ocrx_word' id='word_1_303' title='bbox 112 4197 144 4263; x_wconf 82' lang='lat' dir='ltr'><strong>ii)</strong></span> <span class='ocrx_word' id='word_1_304' title='bbox 163 4195 245 4268; x_wconf 82' lang='lat' dir='ltr'><strong>Epist.</strong></span> <span class='ocrx_word' id='word_1_305' title='bbox 263 4203 306 4255; x_wconf 79' lang='grc'><strong>88.</strong></span> <span class='ocrx_word' id='word_1_306' title='bbox 434 4205 465 4268; x_wconf 82' lang='lat' dir='ltr'><strong>t)</strong></span> <span class='ocrx_word' id='word_1_307' title='bbox 485 4201 549 4272; x_wconf 75' lang='lat' dir='ltr'><strong>Peg.</strong></span> <span class='ocrx_word' id='word_1_308' title='bbox 568 4205 629 4255; x_wconf 80' lang='lat' dir='ltr'><strong>aot.</strong></span> <span class='ocrx_word' id='word_1_309' title='bbox 756 4202 788 4266; x_wconf 89' lang='grc'><strong>8)</strong></span> <span class='ocrx_word' id='word_1_310' title='bbox 806 4199 871 4270; x_wconf 70' lang='lat' dir='ltr'><strong>pag.</strong></span> <span class='ocrx_word' id='word_1_311' title='bbox 889 4197 949 4250; x_wconf 75' lang='grc'><strong>198.</strong></span> 
     </span>
    </p>
   </div>
   <div class='ocr_carea' id='block_1_5' title="bbox 765 4301 830 4361">
    <p class='ocr_par' dir='ltr' id='par_1_7' title="bbox 765 4301 830 4361">
     <span class='ocr_line' id='line_1_39' title="bbox 765 4301 830 4361; baseline -0.015 0"><span class='ocrx_word' id='word_1_312' title='bbox 765 4301 830 4361; x_wconf 83' lang='grc'><strong>34*</strong></span> 
     </span>
    </p>
   </div>
   <div class='ocr_carea' id='block_1_6' title="bbox 0 0 1395 4840">
    <p class='ocr_par' dir='ltr' id='par_1_8' title="bbox 0 0 1395 4840">
     <span class='ocr_line' id='line_1_40' title="bbox 0 0 1395 4840; baseline 0 0"><span class='ocrx_word' id='word_1_313' title='bbox 0 0 1395 4840; x_wconf 95' lang='lat' dir='ltr'><strong> </strong></span> 
     </span>
    </p>
   </div>
  </div>
 </body>
</html>
