2972 4836
530 355 696 398 *Ml
769 369 811 382 -

115 498 215 574 Ossae
237 497 282 560 de
301 499 435 580 Amore,
455 501 496 564 de
518 501 651 580 Gratiis,
673 500 712 566 de
733 503 869 583 legibus,
895 503 935 566 de
956 497 1040 591 λόγῳ
1062 505 1154 586 dicit,
1176 529 1213 572 es

118 603 260 682 sumpsit
284 624 303 664 e
322 604 419 666 libris.
436 605 595 668 Cleanthis
620 605 696 686 περί
719 611 856 688 ἔρωτος,
878 608 953 690 περί
976 600 1112 691 νόμον,
1134 612 1213 694 περὶ

121 705 227 788 λόγου
250 699 296 788 y',
320 707 395 789 περὶ
421 702 580 790 Χάριτος,
602 725 736 788 quorum
757 708 901 770 meminit
921 709 1027 770 Laert.
1048 711 1118 788 Vll,
1140 714 1213 789 tto,

123 819 157 868 et
176 827 193 868 e
215 807 314 868 libris
337 808 478 870 Zenonis
497 807 573 891 περί
596 804 718 890 λόγου,
740 809 815 892 περὶ
839 803 968 893 νόμου,
986 809 1070 891 apud
1091 812 1212 876 Fabric.

119 911 176 985 lll,
196 913 253 970 15.
276 909 318 970 Τ.
338 911 378 972 ll.
403 932 435 989 p.
455 907 572 992 415*).
615 907 777 984 Quendam
800 911 969 994 Chrysippi
990 915 1107 976 librum
1131 914 1215 978 iodi-

124 1033 195 1072 ure
217 1009 352 1074 videtur
371 1011 487 1074 Seneca
508 1010 546 1073 de
564 1013 665 1074 hecel.
684 1015 740 1089 l,3
758 1025 789 1074 et
805 1019 826 1076 4
849 1026 880 1076 ct
902 1035 942 1078 ex
963 1037 1001 1078 eo
1022 1019 1121 1082 multa
1140 1039 1215 1100 pro.

122 1116 185 1176 lert
207 1135 284 1176 cum
307 1116 346 1177 iis
359 1113 408 1176 ad
430 1116 562 1198 verbum
586 1117 798 1194 consonantia,
819 1136 898 1200 quae
922 1140 950 1180 c.
973 1122 1012 1182 15
1038 1123 1112 1203 περὶ
1134 1123 1213 1188 Χα-

126 1219 224 1298 ρίτων
255 1217 433 1300 disputavit
454 1217 623 1282 Cornutus.
674 1220 821 1301 Denique
843 1234 970 1300 praetor
994 1222 1154 1286 Cleanthis
1181 1237 1213 1288 et

129 1320 303 1402 Chrysippi
326 1341 422 1404 opera
445 1323 521 1405 supi
539 1323 635 1388 θεῶν
654 1342 727 1386 usus
748 1333 795 1384 est
818 1333 848 1384 ct
868 1323 959 1386 libris
977 1323 1136 1388 Posidonii
1157 1349 1213 1407 po·

128 1424 201 1484 riter
226 1425 307 1504 νιερί
331 1425 419 1492 θεῶν
442 1423 598 1504 inscriptis
621 1436 653 1485 et
675 1443 811 1507 quorum
831 1424 984 1488 decimum
1001 1426 1130 1488 tertium
1145 1430 1214 1492 leu-

128 1525 178 1586 dat
200 1526 314 1586 laert.
336 1549 369 1606 p.
388 1530 460 1590 197.

211 1628 304 1706 Qrme
326 1629 366 1691 ad
385 1631 627 1714 metaphysioam
646 1645 798 1713 spectant,
823 1655 857 1696 oo
876 1631 1037 1698 transtulit
1054 1633 1212 1698 Cornutus

127 1733 250 1794 elihro
272 1734 415 1796 Zenonis
438 1737 513 1817 περὶ
535 1730 669 1814 ουόίας,
690 1737 774 1816 apud
797 1737 902 1800 Laert.
922 1761 954 1818 p.
977 1741 1056 1814 106,
1081 1757 1099 1798 e
1122 1737 1212 1800 libris

127 1835 302 1918 Chrysippi
323 1849 354 1898 et
375 1836 551 1916 Antipatri,
577 1837 633 1918 qui
654 1838 906 1902 inscribebantur
927 1852 958 1902 et
982 1839 1058 1922 trapi
1076 1836 1214 1918 οὐσίας,

126 1937 210 2018 apud
237 1939 365 2016 hlenrg.
387 1937 428 1999 ad
448 1938 552 2000 laert.
574 1961 606 2019 p.
628 1943 692 2002 204
718 1954 749 2003 et
774 1941 934 2006 laertium
961 1941 1064 2020 ipsum
1089 1959 1121 2019 p.
1139 1944 1214 2018 200,

126 2061 145 2101 e
168 2041 263 2102 libris
284 2043 441 2117 Zenonis,
471 2039 644 2124 Chrysippi
667 2054 699 2102 et
721 2041 889 2122 ‹Antipatri
915 2040 954 2102 de
982 2042 1101 2116 anitua,
1128 2041 1215 2121 apud

126 2143 239 2204 laert.
259 2165 291 2224 p.
314 2147 374 2204 201
400 2154 433 2204 et
453 2143 576 2222 Menng.
598 2165 630 2224 p.
650 2147 733 2222 204,
759 2163 778 2205 e
800 2143 890 2206 libris
912 2142 1097 2224 Chrysippi,
1125 2143 1213 2204 Posi·

130 2243 217 2306 donii
240 2256 273 2306 et
293 2245 410 2306 Boethi
432 2246 509 2328 περὶ
533 2247 760 2330 εἱμαρμένης,
786 2246 871 2328 apud
898 2247 1005 2308 Laert.
1032 2268 1065 2328 p.
1086 2248 1166 2323 200,
1195 2267 1212 2306 o

130 2347 218 2409 libris
241 2346 415 2429 Chrysippi
434 2346 511 2430 περὶ
539 2346 714 2432 προνοίας,
735 2350 810 2432 mol
831 2349 1013 2434 μαντικῆς,
1036 2350 1111 2432 nspl
1131 2371 1213 2438 χρη-

131 2451 225 2531 opor
248 2461 280 2511 et
303 2450 378 2532 περὶ
401 2449 589 2526 ἐνυπνίου,
622 2447 704 2531 apud
733 2452 859 2530 Menas.
884 2473 916 2533 p.
938 2455 1001 2515 203
1026 2455 1162 2530 erhilt,
1193 2471 1211 2512 a

129 2551 213 2613 libro
239 2550 401 2614 Cleanthis
423 2552 499 2635 περὶ
521 2545 661 2638 χρόνου,
681 2551 765 2633 opud
787 2553 894 2614 Laert.
916 2575 948 2634 p.
966 2557 1051 2616 206.

219 2651 310 2729 Quae
331 2653 370 2716 ad
388 2653 627 2736 physiologiam,
647 2655 873 2734 cosmogoniam
895 2665 926 2718 et
945 2656 1162 2736 cosmologiam
1180 2655 1214 2715 ln

129 2755 281 2820 Cornuto
302 2756 460 2819 referenda
482 2769 573 2834 sunt,
598 2776 633 2817 ea
650 2745 759 2820 ¹(tinnio
781 2755 937 2838 decerpsit
959 2779 975 2819 c
996 2759 1087 2820 libris
1108 2756 1214 2818 Zeno·

129 2861 180 2922 nis
203 2859 283 2941 mol
307 2856 406 2938 ὅλου,
430 2859 514 2941 apud
537 2861 644 2922 Laert.
666 2882 698 2941 p.
722 2861 792 2936 196,
815 2879 856 2920 ex
877 2855 1015 2936 eiusdem
1035 2860 1135 2936 libro,
1158 2857 1215 2939 qui

129 2965 264 3025 sommas
284 2961 367 3026 idem
390 2977 438 3026 cst
457 2985 492 3026 ac
514 2963 627 3026 dicitur
647 2958 844 3035 Καθολικά,
866 2959 950 3039 opud
968 2961 1071 3028 Luert.
1091 2981 1124 3036 p.
1142 2962 1215 3033 166,

132 3064 335 3126 sClesnthis
361 3066 461 3142 lihro',
492 3066 550 3148 qui
575 3063 703 3126 Laertio
729 3072 861 3123 vocatur
884 3081 918 3138 p.
935 3062 1016 3120 206:
1049 3061 1124 3138 περὶ
1155 3060 1216 3138 τῆς

132 3169 195 3233 τοῦ
213 3162 378 3248 Ζήνωνος
398 3167 625 3251 φυσιολογίας,
648 3177 679 3225 et
701 3159 901 3222 exeiusdem
917 3158 1002 3240 apud
1019 3159 1124 3220 Lacrt.
1138 3155 1216 3220 ibid.

129 3264 358 3352 Ἡρακλείτου
380 3262 579 3352 ἕξηνήοεωντ
611 3263 714 3350 quod,
738 3275 773 3325 ut
796 3263 942 3326 observat
963 3262 1090 3341 Cicero,
1116 3261 1216 3326 Stoici

132 3371 165 3430 in
184 3369 347 3452 plerisque
368 3371 561 3431 Heraclitum
585 3382 661 3448 suut¹
679 3367 787 3444 secuti,
810 3367 865 3448 qui
888 3364 1090 3430 fundamenta
1113 3365 1215 3452 porti·

133 3473 300 3552 cueieci13
322 3493 362 3534 ex
383 3472 521 3536 eiusdem
542 3493 638 3554 opere
656 3469 740 3555 quod
762 3469 877 3535 dicitur
901 3467 1027 3538 Φαστκά
1050 3463 1216 3554 ὑπομνή-

132 3595 251 3660 ματα,
279 3596 310 3639 v.
331 3576 452 3638 Febric.
474 3577 569 3640 T.,ll.
598 3596 632 3656 p.
653 3575 736 3664 397,
768 3593 785 3634 e
808 3570 985 3654 Chrysippo
1005 3574 1080 3655 eropi
1101 3570 1216 3646 νονοῦ,

133 3681 212 3762 περὶ
235 3671 394 3762 κινήσεως
401 3724 412 3756 ,
427 3681 508 3761 ,περὶ
531 3671 678 3761 φύσεος,
705 3695 760 3737 seu
780 3675 889 3751 libris,
915 3677 970 3757 qui
991 3673 1214 3742 inscribuntur,

135 3777 280 3864 φυσικά,
303 3781 436 3877 φυοαςοί
458 3778 592 3866 τέχναι,
618 3775 738 3860 φυσικοί
761 3775 957 3868 ζητήματα,
984 3774 1068 3856 apud
1089 3775 1213 3849 Menag.

210 4026 234 4094 ⁸)
253 4027 368 4096 [Quidni
393 4029 433 4082 sel
460 4031 537 4084 etiem
563 4028 706 4102 Chrysippi
732 4047 761 4080 ea
788 4027 857 4082 libro
884 3983 941 4093 :sept
963 4017 1063 4084 νόμουὲ
1099 4021 1140 4074 De
1159 4039 1214 4094 qun

137 4112 237 4168 dictum
257 4117 285 4168 in
304 4115 427 4190 Beitrige
446 4118 478 4172 T.
495 4118 515 4170 l.
532 4121 639 4191 phot.
675 4117 718 4172 Cl.
740 4117 864 4170 l’cletsen
890 4110 923 4166 ad
940 4109 1053 4168 Phesdc.
1075 4111 1108 4167 de
1130 4111 1163 4164 N.
1179 4109 1214 4164 D.

136 4222 161 4274 p·
179 4203 235 4271 30]
845 4233 847 4242 ,
942 4222 944 4235 .
