2774 4840
731 259 972 324 ..594-

312 458 374 524 que
395 435 439 499 sic
459 441 579 496 metum
600 427 776 500 iniieiebat,
798 443 853 500 ne,
874 421 903 485 si
923 417 1093 483 trundenti
1116 415 1247 490 inissem,
1262 412 1282 472 ie
1295 433 1316 471 e

314 559 435 616 sorum,
456 537 482 598 ai
505 529 695 615 praedones,
726 529 760 590 in
781 529 950 607 luporum,
975 523 1001 584 si
1024 521 1165 596 fatisces,
1188 517 1216 578 ie
1232 514 1317 592 rolin

314 643 438 706 airino
458 634 704 714 libidinibusque
723 628 861 704 addicti,
891 627 924 688 iu
946 643 1115 706 porcorum
1138 637 1255 699 corpora
1272 616 1319 674 tre·

315 749 444 824 μαι-επὶ
474 757 582 800 eorum
615 735 748 796 animae.
801 732 869 792 ttoc
900 745 1047 793 meaunm
1080 723 1224 806 patefecit
1244 719 1320 778 Tum

315 847 433 907 locrus
455 841 670 922 Pythegoraus
687 834 733 920 ¹),
754 835 807 894 ubi
829 830 946 893 diserta
970 828 1079 906 docet,
1100 821 1231 906 sapienti
1247 818 1321 881 nete

316 947 356 1010 ad
378 940 546 1008 irsananda
567 939 644 1003 vitia
666 937 812 1000 confictas
831 953 898 998 esee
919 931 959 994 da
980 931 1157 992 interorum
1179 922 1271 1006 poenit
1283 917 1322 979 eti·

316 1049 493 1110 animorum
514 1045 547 1106 in
569 1040 656 1102 reris
677 1058 811 1120 corpora
837 1034 1093 1114 commigratione
1116 1029 1239 1092 tetum
1271 1021 1322 1096 Qu

317 1147 485 1212 admodum
506 1144 604 1221 enim,
626 1143 749 1225 inquit,
772 1145 905 1220 corpori
927 1133 1074 1199 mmediia
1103 1127 1274 1216 quibusdem
1291 1143 1323 1184 m·

318 1253 402 1316 bosia
423 1268 577 1326 sanamus,
599 1245 660 1307 nisi
681 1241 792 1304 cedent
813 1237 1037 1312 saluberrimis,
1056 1235 1104 1296 its
1124 1246 1157 1298 et
1177 1229 1278 1292 mina
1291 1227 1323 1284 tt

319 1353 515 1420 sermonibus
536 1363 734 1422 coercemus,
766 1343 829 1405 nisi
849 1341 1005 1404 ducantur
1031 1335 1128 1401 veris.
1172 1334 1325 1394 Praeteriit

320 1457 456 1520 cundum
484 1453 752 1536 Pythagoreorum
773 1453 942 1526 praecepta
973 1457 1107 1520 corpora
1137 1436 1252 1498 solutos
1271 1429 1325 1489 anit

321 1582 390 1622 cum
411 1559 445 1618 in
467 1555 602 1618 animem
626 1546 744 1626 mundi,
765 1547 797 1609 in
820 1543 1021 1609 mminarium
1042 1551 1196 1615 naturas,
1214 1533 1325 1598 mant

324 1673 387 1740 set,
407 1677 516 1720 rursus
538 1677 578 1720 ex
600 1673 639 1716 eo
660 1649 804 1734 depromi
823 1646 965 1732 poterat,
991 1657 1028 1706 ut
1056 1644 1089 1704 in
1113 1643 1200 1704 farae
1219 1629 1325 1702 sivetu

322 1763 370 1826 nis
392 1779 506 1842 eorpus
533 1757 761 1832 insinuaretur,
788 1771 858 1815 cum
887 1760 990 1812 certus
1010 1767 1047 1808 ae
1078 1743 1227 1807 definitus
1244 1747 1325 1800 mett

322 1883 427 1930 mersas
446 1861 636 1936 enimenim,
672 1855 828 1936 certisque
855 1851 1008 1916 limitibus
1029 1847 1325 1926 circumscriptarum

323 1985 455 2048 eumque
476 1983 517 2026 ex
540 1959 650 2024 eodem
671 1956 827 2020 communi
848 1955 936 2017 fonte
960 1951 1142 2027 haurirent,
1164 1958 1196 2010 et
1217 1943 1268 2008 sibi
1282 1951 1325 2000 tm

322 2065 479 2130 meantia
499 2073 690 2126 arcesserent
710 2060 808 2135 ritas,
831 2047 956 2145 ψυχάς,
982 2065 1018 2115 ut
1035 2053 1080 2116 ait
1102 2048 1266 2130 Virgilius,
1285 2055 1325 2101 U

323 2167 489 2243 animatia,
517 2175 580 2226 tam
602 2183 639 2224 ea
666 2181 746 2244 quae
775 2159 896 2222 ratione
923 2166 1048 2232 carent,
1076 2173 1175 2236 quam
1195 2151 1245 2212 itta
1261 2155 1325 2228 qut*

325 2268 467 2351 praedita
488 2275 570 2328 anet.
612 2265 700 2325 Tunc
728 2281 804 2326 vera
835 2259 963 2344 quidem
989 2259 1097 2322 fuisset
1120 2241 1325 2333 metempsytiti

324 2371 379 2436 sed
412 2388 478 2430 non
512 2361 623 2427 eodem
659 2383 771 2440 sensu,
810 2381 875 2447 quo
911 2381 977 2424 eam
1014 2361 1181 2442 imperitae
1220 2350 1325 2437 ptetin

325 2473 441 2536 dabant
471 2467 673 2552 Pythagorei,
710 2477 746 2529 ut
781 2485 800 2526 a
839 2465 924 2528 titiis
963 2473 1048 2524 metu
1085 2481 1208 2544 poenae
1234 2455 1325 2517 demet

325 2589 391 2640 tur.
448 2570 630 2634 Macrobioe
649 2569 680 2653 Β)
709 2567 786 2631 dicit
828 2566 1037 2648 philosophos
1070 2563 1235 2627 admittere
1261 2549 1325 2616 itii*

327 2676 426 2742 vetuti
441 2674 469 2756 ⁵)
497 2673 584 2734 licita
613 2683 644 2734 et
673 2670 722 2734 his
750 2669 799 2732 uti
819 2669 938 2747 solere,
971 2687 1042 2732 eum
1071 2669 1124 2728 rel
1159 2665 1199 2728 de
1224 2659 1300 2722 anina
1314 2661 1325 2702 i

327 2779 367 2842 de
397 2777 491 2840 striis
521 2773 714 2838 aethereisve
748 2773 972 2852 potestatibus,
1016 2771 1069 2834 vel
1112 2768 1152 2830 de
1190 2747 1325 2828 materiei

327 2883 513 2962 loquuntur.
567 2874 652 2937 ldenr
693 2872 809 2936 ibidem
843 2871 931 2934 addit
964 2872 1158 2933 Macrobius:
1195 2873 1236 2933 tu
1263 2866 1325 2924 ttae

327 2995 398 3058 tun,
431 2991 463 3041 ut
490 2980 568 3052 diei,
598 2981 717 3039 eum
761 2976 853 3036 etde
883 2979 981 3036 areima
1008 2973 1201 3054 monstrum
1224 2991 1263 3042 se,
1285 2971 1325 3021 ert*

327 3085 474 3157 etiarm,
494 3081 536 3142 uti
548 3079 689 3157 fuderim
713 3087 891 3138 emersisset:
920 3077 971 3136 sed
992 3081 1061 3157 quio
1081 3081 1172 3136 scierit
1192 3071 1325 3134 inmitti

328 3195 452 3244 noturus
473 3193 604 3263 opertum
634 3181 796 3261 nudamque
823 3177 1016 3260 expeditiorem
1036 3181 1083 3238 eui
1094 3175 1133 3255 ⁴).
1179 3174 1229 3236 Sic
1247 3159 1325 3230 motu

401 3399 435 3465 t)
453 3395 600 3450 Derrima
619 3397 712 3451 mnndi
731 3397 821 3468 eset
839 3392 882 3450 ed.
900 3391 977 3446 Gale.
1021 3395 1023 3400 '
1076 3413 1078 3420 ·

328 3521 333 3529 -
403 3488 436 3552 Ι)
453 3481 487 3538 in
505 3501 591 3536 somn
607 3479 680 3554 Seip.
699 3485 719 3549 i,
738 3487 763 3536 Ι.
781 3501 808 3552 p.
824 3484 851 3536 o.
868 3479 909 3534 ed.
924 3481 1040 3534 Portare.

402 3571 435 3640 3)
455 3567 538 3638 [Haec
555 3586 611 3622 asse
625 3569 727 3624 ridetur
742 3567 894 3622 emendatio
910 3566 1079 3626 Macrobisni
1094 3575 1242 3631 oonteatsss,
1266 3565 1325 3622 ,qut

331 3659 411 3716 mala:
431 3657 554 3730 irrigatur
570 3656 644 3710 enim
670 3655 812 3709 admittere
825 3655 960 3727 sabuloso
979 3655 1021 3708 vei
1036 3655 1128 3714 licito,
1151 3651 1255 3726 inepte]

401 3752 433 3817 t)
454 3745 505 3816 [ibi
522 3755 686 3818 sequuntur:
711 3760 781 3818 quos
804 3743 875 3795 sicut
893 3739 1053 3814 vulgaribus
1077 3741 1212 3794 dominum
1227 3719 1325 3791 caritot

332 3835 468 3887 tellectum
487 3831 531 3887 sui
558 3833 635 3886 eurio
661 3851 749 3885 rerum
774 3830 888 3903 tegmine
915 3827 1125 3900 operimentoque
1149 3813 1325 3879 rubuerint*

330 3919 512 3990 prudentibus
529 3937 633 3973 ercurio
650 3937 710 3972 surr
721 3917 807 3972 voluit
822 3933 873 3986 per
884 3915 1019 3988 sobriores
1037 3914 1163 3968 tracturi.
1203 3913 1244 3966 Sic
1259 3907 1325 3974 ipset,

332 4007 418 4059 sterio
429 4007 587 4078 figurarum
608 4004 740 4058 curriculis
767 4002 872 4075 (malim
900 4002 1049 4065 icurrcuiis,
1073 4000 1113 4053 rei
1136 3987 1325 4071 tuguncniiii

333 4091 460 4153 riunturr
490 4110 524 4146 ne
540 4093 585 4146 vei
601 4092 669 4146 tae
685 4091 793 4162 adeptis
814 4090 892 4144 nudo
917 4107 1007 4142 rerum
1033 4089 1131 4141 taiiam
1154 4105 1182 4141 aa
1208 4075 1325 4138 natant*
