2972 4836
513 379 557 396 -·
615 367 693 410 nxtx
753 379 847 440 -Ι

112 532 176 583 cst:
205 519 304 580 immo
326 537 425 601 quum
446 515 481 578 io
506 517 633 580 scholiis
654 518 753 580 Persii
774 533 952 579 concessum
974 531 1021 582 est
1043 523 1195 583 nonnulis

113 625 230 699 incssa,
260 639 342 703 quae
369 621 507 682 Probum
528 621 644 682 merito
665 633 823 684 auctorem
846 620 961 684 hebere
981 623 1120 704 possint,
1147 625 1196 686 ni·

113 725 158 785 tit
179 723 316 804 impedit
338 743 402 805 quo
425 723 530 786 minus
552 745 587 785 ea
611 745 630 785 s
651 723 792 788 Cornuto
815 722 898 786 houd
919 723 964 784 its
985 726 1119 786 multum
1140 746 1195 786 an-

118 827 253 909 tiquiore
280 826 422 907 proiecta
443 846 509 889 esse
529 847 700 890 sumamus:
729 847 809 909 quse
829 826 984 888 sententis
1005 827 1134 908 insuper
1155 849 1195 890 ex

117 951 149 992 ec
166 931 317 992 nonnihil
338 929 487 1012 praesidii
507 932 714 1008 nanciscitur,
743 929 829 1013 quod
851 930 938 992 cuius
958 929 1091 992 Cornuti
1112 951 1195 994 com·

115 1034 287 1096 menter-ius
310 1033 364 1094 ilie
384 1034 426 1095 sit
446 1045 483 1095 ut
502 1033 710 1113 significetur,
738 1033 860 1096 adiecto
882 1035 996 1126 Aspoes‘
1014 1034 1139 1096 nomine
1161 1037 1193 1098 in

116 1137 180 1199 cod.
205 1135 363 1198 Bernensi
384 1133 572 1198 declar-stum
595 1147 653 1198 est.
703 1137 766 1197 ism
788 1155 893 1218 quum
909 1137 997 1198 nulla
1017 1157 1122 1200 csusss
1143 1139 1206 1216 sit,

115 1238 198 1322 quod
219 1238 262 1300 de
288 1238 351 1300 alio
374 1237 589 1298 commentarii
611 1235 816 1300 fundamento
836 1237 1039 1320 conquiramus
1046 1283 1056 1314 ,
1089 1252 1194 1302 tamen

116 1363 228 1423 operae
251 1342 390 1424 pretium
412 1339 571 1404 videbitur
591 1340 625 1402 in
648 1361 778 1403 examen
798 1359 911 1404 vocare
926 1363 973 1419 ea,
993 1343 1108 1425 quibus
1125 1343 1194 1406 lcit-

115 1446 184 1506 cius
206 1466 239 1526 p.
260 1465 381 1508 cxxxcr
398 1463 446 1526 sq.
466 1442 683 1504 demonstrare
704 1441 877 1519 studuerit,
907 1462 988 1525 quse
1010 1446 1138 1527 notique
1161 1449 1194 1507 in

114 1549 240 1610 scholiis
264 1547 481 1628 reperiantur,
510 1567 545 1608 cn
575 1545 680 1608 omnia
702 1567 721 1607 c
742 1545 874 1608 Valerio
893 1548 999 1609 Probo
1023 1549 1194 1629 repetenda

116 1671 190 1712 csse.
233 1651 339 1732 Atque
368 1649 482 1710 nititur
511 1647 613 1710 omnis
641 1647 711 1710 eius
739 1647 894 1709 sententia
923 1667 978 1724 eo,
1009 1651 1097 1731 quod
1118 1653 1194 1734 vica

114 1753 230 1831 Persii,
251 1752 403 1815 Suetonio
425 1752 520 1830 suigo
542 1749 719 1830 adsignata,
742 1751 777 1812 in
798 1749 956 1813 codicibus
978 1751 1022 1814 ita
1043 1735 1194 1834 inscripta

117 1856 251 1918 leretur:
286 1859 352 1918 Vitc
379 1857 417 1916 A.
443 1857 537 1918 Persii
556 1857 656 1916 Ποσει·
682 1856 720 1914 de
747 1857 945 1916 commentario
973 1857 1063 1918 Proba·
1090 1860 1197 1919 Vcien‘s'

114 1961 244 2036 cutm,
273 1954 359 2038 quod
387 1975 485 2037 quum
512 1951 556 2016 ita
582 1953 743 2035 explicari·
760 1973 853 2034 posse
879 1955 1041 2036 videntur,
1070 1971 1106 2020 ut
1127 1959 1193 2022 eius

116 2063 197 2124 vitae
220 2071 402 2139 arguments
425 2059 546 2138 singule
575 2079 616 2120 ex
644 2055 777 2120 dirersis
805 2059 903 2120 Probi
929 2057 1193 2140 adnotationibus,
1250 2109 1254 2119 .

116 2185 191 2247 quas
210 2162 250 2224 sd
268 2163 409 2224 Persium
430 2162 546 2224 chartis
567 2159 753 2239 mandasset,
774 2175 919 2241 congesta
936 2157 1008 2241 sint,
1030 2163 1062 2225 id
1085 2185 1194 2247 quam·

114 2286 206 2349 quem
233 2267 266 2326 in
288 2267 345 2328 hac
366 2263 587 2346 explicatione,
614 2266 691 2346 ipso'
707 2264 816 2327 Ichnio
838 2279 994 2345 monente,
1015 2268 1085 2329 loco
1109 2269 1193 2332 vocis

113 2374 226 2434 mileto
247 2369 358 2446 dmm,
379 2369 483 2432 veluti
499 2372 629 2446 collecto,
652 2379 875 2448 exspectasses,
896 2382 962 2433 turn
986 2369 1110 2433 demum
1132 2393 1193 2453 pro

116 2493 189 2535 vero
211 2472 321 2534 baberi
339 2473 467 2553 poterit,
488 2493 587 2554 quum
608 2469 854 2534 demonstremur
877 2473 982 2551 inerit,
1006 2487 1193 2538 commente-

113 2577 196 2636 rium
224 2575 258 2635 in
286 2574 428 2636 Persium
452 2595 472 2634 n
493 2573 625 2636 Valerio
645 2574 749 2636 Probo
772 2595 882 2656 reapse
909 2577 1059 2655 scriptum
1088 2579 1192 2640 fuisse.

112 2680 155 2741 At
178 2681 237 2741 hoc
258 2677 371 2758 ipsum,
392 2675 535 2760 quamtis
555 2677 595 2738 ab
619 2674 726 2738 eadem
748 2677 802 2739 ilia
819 2677 1023 2758 inscriptione
1044 2679 1192 2762 suppedi-

114 2793 232 2858 tatum,
256 2780 423 2863 queminus
444 2776 623 2856 credamus,
651 2781 766 2842 multoe
788 2800 912 2844 caussae
935 2783 1070 2845 obstant.
1119 2784 1191 2846 Nou

115 2883 269 2961 obiiciam,
291 2895 327 2944 ut
349 2883 442 2944 nihili
462 2882 589 2945 Iahnius
609 2881 728 2961 iecerit,
749 2881 835 2966 quod
858 2885 890 2947 in
913 2883 1018 2946 codice
1039 2887 1191 2948 Beruensi

114 2989 225 3050 Acran·
245 2986 378 3048 Cornuti
397 2985 525 3048 nominc
546 2987 784 3049 commentarius
805 2987 838 3046 in
859 2987 1001 3048 Persium
1023 2989 1192 3067 inscriptus

114 3100 180 3166 cst,
210 3087 319 3151 eodem
348 3089 418 3151 iure
446 3087 540 3150 etism
568 3088 618 3148 hic
640 3099 818 3168 suspectum
844 3085 948 3150 videri
974 3105 1066 3166 posse
1089 3091 1196 3152 Volusi

114 3208 248 3268 nomen,
274 3211 292 3252 a
311 3192 440 3255 librario
465 3191 557 3254 docto
577 3189 749 3268 adiectum,
771 3187 1033 3272 quemadmodum
1053 3187 1137 3252 idem
1157 3190 1192 3252 in

113 3292 184 3354 cod.
202 3293 353 3356 Berncnsi
373 3293 538 3374 acciderit3
559 3313 662 3376 neque
683 3291 828 3375 equidem
850 3293 982 3374 urgebo,
1004 3307 1193 3358 commenta·

113 3393 196 3456 rium
218 3396 252 3456 in
275 3397 455 3478 quempiam
477 3399 664 3478 scriptorem
683 3395 847 3457 Valerium
868 3397 1006 3458 Probum
1022 3399 1192 3479 scripsisse,

114 3497 145 3560 id
166 3519 298 3578 prorsus
320 3500 481 3563 adversari
497 3501 545 3578 iis,
565 3519 645 3582 quae
668 3497 707 3561 ds
725 3495 836 3561 studiis
854 3499 922 3560 eius
938 3499 1100 3562 litterariis
1116 3499 1191 3563 Sue-

114 3603 218 3662 tonius
244 3602 277 3662 in
299 3603 367 3666 eius
388 3604 454 3664 uite
475 3601 622 3680 trsdidit;
654 3613 787 3685 possunt
808 3603 892 3664 enim
919 3602 979 3664 ista
1005 3606 1100 3666 uerba
1128 3607 1200 3664 noc'

114 3715 258 3764 accurate
279 3725 298 3765 s
320 3705 452 3768 librario
473 3707 589 3786 scripta
608 3707 731 3786 putari:
752 3721 784 3768 ct
802 3706 929 3786 gravius
944 3718 990 3768 est
1006 3705 1090 3787 quod
1109 3704 1192 3766 idem

114 3805 283 3869 Suetonius
307 3822 431 3888 currat,
464 3811 600 3890 primum
627 3816 707 3872 nimis
727 3805 874 3894 pcnca'ct
895 3815 1000 3887 empus
1021 3811 1057 3870 dc
1078 3811 1192 3890 quidus·

113 3913 183 3971 dom
204 3917 314 3974 minutis
335 3907 550 3996 quaestimcnb‘s
570 3916 705 3992 edidisse,
733 3918 874 3998 reliquisse
895 3923 989 3974 cutem
1010 3931 1064 3971 non
1083 3913 1192 3974 ‹eosdm-

114 4035 189 4074 crem
216 4018 314 4077 nicom
342 4013 561 4080 observationum
588 4009 721 4080 sermonis
744 4022 884 4099 antiqui,
900 4033 941 4074 ex
965 4012 1080 4093 quibus
1107 4027 1192 4076 certo

71 4107 84 4130 '
117 4116 291 4196 colligitur,
323 4120 418 4192 Probi
450 4118 682 4181 lucubrationes
711 4119 746 4179 in
777 4113 962 4196 explicando
994 4115 1192 4199 colendoque

114 4222 265 4284 sermonis
294 4221 400 4285 indole
431 4223 633 4286 cummaxime
657 4241 724 4283 ease
749 4217 956 4300 continuisse3
985 4218 1072 4302 quod
1098 4221 1191 4282 etiam
