<?xml version="1.0" encoding="UTF-8"?>
<!DOCTYPE html PUBLIC "-//W3C//DTD XHTML 1.0 Transitional//EN"
    "http://www.w3.org/TR/xhtml1/DTD/xhtml1-transitional.dtd">
<html xmlns="http://www.w3.org/1999/xhtml" xml:lang="en" lang="en">
 <head>
  <title>
</title>
<meta http-equiv="Content-Type" content="text/html;charset=utf-8" />
  <meta name='ocr-system' content='tesseract 3.04.00' />
  <meta name='ocr-capabilities' content='ocr_page ocr_carea ocr_par ocr_line ocrx_word'/>
</head>
<body>
  <div class='ocr_page' id='page_1' title='image "./denaturadeorum00corngoog_0526.png"; bbox 0 0 2818 4860; ppageno 0'>
   <div class='ocr_carea' id='block_1_1' title="bbox 456 333 693 396">
    <p class='ocr_par' dir='ltr' id='par_1_1' title="bbox 456 333 693 396">
     <span class='ocr_line' id='line_1_1' title="bbox 456 333 693 396; baseline 0.004 -2"><span class='ocrx_word' id='word_1_1' title='bbox 456 333 693 396; x_wconf 76' lang='lat'>-459-</span> 
     </span>
    </p>
   </div>
   <div class='ocr_carea' id='block_1_2' title="bbox 1 494 1119 1804">
    <p class='ocr_par' dir='ltr' id='par_1_2' title="bbox 1 494 1119 1804">
     <span class='ocr_line' id='line_1_2' title="bbox 25 494 1118 582; baseline 0 -22"><span class='ocrx_word' id='word_1_2' title='bbox 25 495 151 582; x_wconf 81' lang='lat' dir='ltr'><strong>iam1)</strong></span> <span class='ocrx_word' id='word_1_3' title='bbox 175 494 229 560; x_wconf 77' lang='lat' dir='ltr'><strong>det</strong></span> <span class='ocrx_word' id='word_1_4' title='bbox 249 496 366 560; x_wconf 67' lang='lat' dir='ltr'><strong>aeriam</strong></span> <span class='ocrx_word' id='word_1_5' title='bbox 387 495 547 562; x_wconf 76' lang='lat' dir='ltr'><strong>vocaverit</strong></span> <span class='ocrx_word' id='word_1_6' title='bbox 563 495 741 578; x_wconf 75' lang='lat' dir='ltr'><strong>Antipater,</strong></span> <span class='ocrx_word' id='word_1_7' title='bbox 762 516 856 579; x_wconf 90' lang='lat' dir='ltr'><strong>quam</strong></span> <span class='ocrx_word' id='word_1_8' title='bbox 871 508 980 558; x_wconf 87' lang='lat' dir='ltr'><strong>contra</strong></span> <span class='ocrx_word' id='word_1_9' title='bbox 995 497 1118 578; x_wconf 80' lang='lat' dir='ltr'><strong>Epicte-</strong></span> 
     </span>
     <span class='ocr_line' id='line_1_3' title="bbox 23 597 1118 680; baseline 0 -20"><span class='ocrx_word' id='word_1_10' title='bbox 23 619 71 660; x_wconf 92' lang='lat' dir='ltr'><strong>us</strong></span> <span class='ocrx_word' id='word_1_11' title='bbox 96 619 145 662; x_wconf 83' lang='lat' dir='ltr'><strong>ex</strong></span> <span class='ocrx_word' id='word_1_12' title='bbox 167 610 284 677; x_wconf 86' lang='lat' dir='ltr'><strong>mente,</strong></span> <span class='ocrx_word' id='word_1_13' title='bbox 308 599 438 662; x_wconf 82' lang='lat' dir='ltr'><strong>scientie</strong></span> <span class='ocrx_word' id='word_1_14' title='bbox 460 611 491 660; x_wconf 89' lang='lat' dir='ltr'><strong>et</strong></span> <span class='ocrx_word' id='word_1_15' title='bbox 513 610 599 661; x_wconf 86' lang='lat' dir='ltr'><strong>recta</strong></span> <span class='ocrx_word' id='word_1_16' title='bbox 621 599 743 662; x_wconf 88' lang='lat' dir='ltr'><strong>ratione</strong></span> <span class='ocrx_word' id='word_1_17' title='bbox 766 610 907 661; x_wconf 73' lang='lat' dir='ltr'><strong>constare</strong></span> <span class='ocrx_word' id='word_1_18' title='bbox 930 597 1015 674; x_wconf 89' lang='lat' dir='ltr'><strong>dicit,</strong></span> <span class='ocrx_word' id='word_1_19' title='bbox 1038 619 1118 680; x_wconf 90' lang='lat' dir='ltr'><strong>quas</strong></span> 
     </span>
     <span class='ocr_line' id='line_1_4' title="bbox 1 698 1117 782; baseline 0 -20"><span class='ocrx_word' id='word_1_20' title='bbox 1 699 161 782; x_wconf 82' lang='lat' dir='ltr'><strong>quidem</strong></span> <span class='ocrx_word' id='word_1_21' title='bbox 186 701 245 763; x_wconf 90' lang='lat' dir='ltr'><strong>boc</strong></span> <span class='ocrx_word' id='word_1_22' title='bbox 267 719 330 762; x_wconf 90' lang='lat' dir='ltr'><strong>uuo</strong></span> <span class='ocrx_word' id='word_1_23' title='bbox 350 698 445 762; x_wconf 89' lang='lat' dir='ltr'><strong>modo</strong></span> <span class='ocrx_word' id='word_1_24' title='bbox 466 701 609 780; x_wconf 87' lang='lat' dir='ltr'><strong>apprime</strong></span> <span class='ocrx_word' id='word_1_25' title='bbox 633 699 793 763; x_wconf 88' lang='lat' dir='ltr'><strong>conciliari</strong></span> <span class='ocrx_word' id='word_1_26' title='bbox 814 712 982 782; x_wconf 82' lang='lat' dir='ltr'><strong>poterunt,</strong></span> <span class='ocrx_word' id='word_1_27' title='bbox 1004 701 1032 762; x_wconf 87' lang='lat' dir='ltr'><strong>ai</strong></span> <span class='ocrx_word' id='word_1_28' title='bbox 1052 720 1117 762; x_wconf 89' lang='lat' dir='ltr'><strong>ms·</strong></span> 
     </span>
     <span class='ocr_line' id='line_1_5' title="bbox 4 800 1117 882; baseline 0.001 -20"><span class='ocrx_word' id='word_1_29' title='bbox 4 801 233 880; x_wconf 88' lang='lat' dir='ltr'><strong>minerimus,</strong></span> <span class='ocrx_word' id='word_1_30' title='bbox 262 820 280 862; x_wconf 89' lang='lat' dir='ltr'><strong>s</strong></span> <span class='ocrx_word' id='word_1_31' title='bbox 299 800 475 864; x_wconf 80' lang='lat' dir='ltr'><strong>Stoicorum</strong></span> <span class='ocrx_word' id='word_1_32' title='bbox 496 813 601 864; x_wconf 87' lang='lat' dir='ltr'><strong>mente</strong></span> <span class='ocrx_word' id='word_1_33' title='bbox 622 821 804 882; x_wconf 85' lang='lat' dir='ltr'><strong>supremum</strong></span> <span class='ocrx_word' id='word_1_34' title='bbox 826 802 915 864; x_wconf 89' lang='lat' dir='ltr'><strong>illum</strong></span> <span class='ocrx_word' id='word_1_35' title='bbox 937 803 1059 881; x_wconf 81' lang='lat' dir='ltr'><strong>ignem,</strong></span> <span class='ocrx_word' id='word_1_36' title='bbox 1083 800 1117 863; x_wconf 88' lang='lat' dir='ltr'><strong>id</strong></span> 
     </span>
     <span class='ocr_line' id='line_1_6' title="bbox 8 900 1118 985; baseline -0.001 -21"><span class='ocrx_word' id='word_1_37' title='bbox 8 915 84 980; x_wconf 78' lang='lat' dir='ltr'><strong>est,</strong></span> <span class='ocrx_word' id='word_1_38' title='bbox 107 902 217 981; x_wconf 86' lang='lat' dir='ltr'><strong>deum,</strong></span> <span class='ocrx_word' id='word_1_39' title='bbox 239 903 433 984; x_wconf 83' lang='lat' dir='ltr'><strong>principium</strong></span> <span class='ocrx_word' id='word_1_40' title='bbox 454 900 582 985; x_wconf 86' lang='lat' dir='ltr'><strong>quidem</strong></span> <span class='ocrx_word' id='word_1_41' title='bbox 605 923 671 966; x_wconf 88' lang='lat' dir='ltr'><strong>asse</strong></span> <span class='ocrx_word' id='word_1_42' title='bbox 691 903 903 966; x_wconf 86' lang='lat' dir='ltr'><strong>intellectuale</strong></span> <span class='ocrx_word' id='word_1_43' title='bbox 926 915 957 964; x_wconf 87' lang='lat' dir='ltr'><strong>et</strong></span> <span class='ocrx_word' id='word_1_44' title='bbox 978 904 1118 964; x_wconf 87' lang='lat' dir='ltr'><strong>animans</strong></span> 
     </span>
     <span class='ocr_line' id='line_1_7' title="bbox 9 1003 1118 1086; baseline 0 -20"><span class='ocrx_word' id='word_1_45' title='bbox 9 1004 80 1068; x_wconf 82' lang='lat' dir='ltr'><strong>sed</strong></span> <span class='ocrx_word' id='word_1_46' title='bbox 108 1025 298 1086; x_wconf 87' lang='lat' dir='ltr'><strong>corporeum</strong></span> <span class='ocrx_word' id='word_1_47' title='bbox 319 1017 441 1084; x_wconf 87' lang='lat' dir='ltr'><strong>tamen,</strong></span> <span class='ocrx_word' id='word_1_48' title='bbox 463 1003 687 1086; x_wconf 80' lang='lat' dir='ltr'><strong>quod&#39;muudo</strong></span> <span class='ocrx_word' id='word_1_49' title='bbox 710 1015 858 1084; x_wconf 87' lang='lat' dir='ltr'><strong>tanquam</strong></span> <span class='ocrx_word' id='word_1_50' title='bbox 880 1005 1007 1084; x_wconf 81' lang='lat' dir='ltr'><strong>corpori</strong></span> <span class='ocrx_word' id='word_1_51' title='bbox 1028 1026 1118 1085; x_wconf 85' lang='lat' dir='ltr'><strong>prae·</strong></span> 
     </span>
     <span class='ocr_line' id='line_1_8' title="bbox 12 1105 1118 1188; baseline -0.002 -18"><span class='ocrx_word' id='word_1_52' title='bbox 12 1119 92 1185; x_wconf 79' lang='lat' dir='ltr'><strong>est,</strong></span> <span class='ocrx_word' id='word_1_53' title='bbox 116 1120 155 1170; x_wconf 91' lang='lat' dir='ltr'><strong>ut</strong></span> <span class='ocrx_word' id='word_1_54' title='bbox 182 1106 352 1172; x_wconf 86' lang='lat' dir='ltr'><strong>secundum</strong></span> <span class='ocrx_word' id='word_1_55' title='bbox 376 1105 501 1170; x_wconf 83' lang='lat' dir='ltr'><strong>eosdem</strong></span> <span class='ocrx_word' id='word_1_56' title='bbox 515 1119 630 1170; x_wconf 79' lang='lat' dir='ltr'><strong>noster</strong></span> <span class='ocrx_word' id='word_1_57' title='bbox 653 1106 790 1183; x_wconf 89' lang='lat' dir='ltr'><strong>animus,</strong></span> <span class='ocrx_word' id='word_1_58' title='bbox 824 1125 919 1188; x_wconf 87' lang='lat' dir='ltr'><strong>quem</strong></span> <span class='ocrx_word' id='word_1_59' title='bbox 948 1117 979 1166; x_wconf 87' lang='lat' dir='ltr'><strong>et</strong></span> <span class='ocrx_word' id='word_1_60' title='bbox 1006 1124 1118 1186; x_wconf 85' lang='lat' dir='ltr'><strong>corpo-</strong></span> 
     </span>
     <span class='ocr_line' id='line_1_9' title="bbox 1 1208 1075 1290; baseline -0.004 -16"><span class='ocrx_word' id='word_1_61' title='bbox 1 1231 120 1274; x_wconf 76' lang='lat' dir='ltr'><strong>reum</strong></span> <span class='ocrx_word' id='word_1_62' title='bbox 144 1212 330 1288; x_wconf 74' lang='lat' dir='ltr'><strong>censebant,</strong></span> <span class='ocrx_word' id='word_1_63' title='bbox 351 1221 383 1272; x_wconf 87' lang='lat' dir='ltr'><strong>et</strong></span> <span class='ocrx_word' id='word_1_64' title='bbox 405 1229 519 1290; x_wconf 85' lang='lat' dir='ltr'><strong>corpus</strong></span> <span class='ocrx_word' id='word_1_65' title='bbox 539 1230 667 1288; x_wconf 84' lang='lat' dir='ltr'><strong>regere,</strong></span> <span class='ocrx_word' id='word_1_66' title='bbox 689 1210 826 1272; x_wconf 85' lang='lat' dir='ltr'><strong>animare</strong></span> <span class='ocrx_word' id='word_1_67' title='bbox 851 1219 883 1270; x_wconf 89' lang='lat' dir='ltr'><strong>et</strong></span> <span class='ocrx_word' id='word_1_68' title='bbox 904 1208 1075 1270; x_wconf 89' lang='lat' dir='ltr'><strong>continere.</strong></span> 
     </span>
     <span class='ocr_line' id='line_1_10' title="bbox 1 1308 1119 1394; baseline -0.007 -14"><span class='ocrx_word' id='word_1_69' title='bbox 1 1351 2 1380; x_wconf 74' lang='lat'>1</span> <span class='ocrx_word' id='word_1_70' title='bbox 116 1314 163 1374; x_wconf 80' lang='lat' dir='ltr'><strong>At</strong></span> <span class='ocrx_word' id='word_1_71' title='bbox 186 1332 263 1376; x_wconf 81' lang='lat' dir='ltr'><strong>varo</strong></span> <span class='ocrx_word' id='word_1_72' title='bbox 284 1332 407 1393; x_wconf 85' lang='lat' dir='ltr'><strong>corpus,</strong></span> <span class='ocrx_word' id='word_1_73' title='bbox 436 1310 521 1394; x_wconf 87' lang='lat' dir='ltr'><strong>quod</strong></span> <span class='ocrx_word' id='word_1_74' title='bbox 546 1311 605 1374; x_wconf 86' lang='lat' dir='ltr'><strong>deo</strong></span> <span class='ocrx_word' id='word_1_75' title='bbox 627 1313 808 1374; x_wconf 73' lang='lat' dir='ltr'><strong>tribuebant</strong></span> <span class='ocrx_word' id='word_1_76' title='bbox 829 1308 937 1388; x_wconf 82' lang='lat' dir='ltr'><strong>Stoici,</strong></span> <span class='ocrx_word' id='word_1_77' title='bbox 958 1323 1024 1372; x_wconf 88' lang='lat' dir='ltr'><strong>erat</strong></span> <span class='ocrx_word' id='word_1_78' title='bbox 1046 1312 1119 1372; x_wconf 88' lang='lat' dir='ltr'><strong>sub·</strong></span> 
     </span>
     <span class='ocr_line' id='line_1_11' title="bbox 1 1408 1118 1498; baseline -0.004 -22"><span class='ocrx_word' id='word_1_79' title='bbox 1 1414 129 1492; x_wconf 44' lang='lat' dir='ltr'><strong>utilius,</strong></span> <span class='ocrx_word' id='word_1_80' title='bbox 152 1414 277 1478; x_wconf 86' lang='lat' dir='ltr'><strong>tenuius</strong></span> <span class='ocrx_word' id='word_1_81' title='bbox 298 1427 393 1496; x_wconf 91' lang='lat' dir='ltr'><strong>atque</strong></span> <span class='ocrx_word' id='word_1_82' title='bbox 415 1420 534 1490; x_wconf 72' lang='lat' dir='ltr'><strong>uirium,</strong></span> <span class='ocrx_word' id='word_1_83' title='bbox 557 1408 736 1498; x_wconf 72' lang='grc' dir='ltr'><strong><em>αἐροειδὲς,</em></strong></span> <span class='ocrx_word' id='word_1_84' title='bbox 756 1409 841 1495; x_wconf 88' lang='lat' dir='ltr'><strong>quod</strong></span> <span class='ocrx_word' id='word_1_85' title='bbox 863 1431 904 1472; x_wconf 82' lang='lat' dir='ltr'><strong>ex</strong></span> <span class='ocrx_word' id='word_1_86' title='bbox 924 1411 1018 1472; x_wconf 86' lang='lat' dir='ltr'><strong>unico</strong></span> <span class='ocrx_word' id='word_1_87' title='bbox 1037 1413 1118 1474; x_wconf 88' lang='lat' dir='ltr'><strong>Boe·</strong></span> 
     </span>
     <span class='ocr_line' id='line_1_12' title="bbox 19 1512 1118 1596; baseline -0.002 -20"><span class='ocrx_word' id='word_1_88' title='bbox 19 1516 77 1576; x_wconf 88' lang='lat' dir='ltr'><strong>tbi</strong></span> <span class='ocrx_word' id='word_1_89' title='bbox 102 1517 178 1578; x_wconf 89' lang='lat' dir='ltr'><strong>loco</strong></span> <span class='ocrx_word' id='word_1_90' title='bbox 205 1513 289 1596; x_wconf 83' lang='lat' dir='ltr'><strong>apud</strong></span> <span class='ocrx_word' id='word_1_91' title='bbox 315 1514 518 1596; x_wconf 61' lang='lat' dir='ltr'><strong>Laertiumtt)</strong></span> <span class='ocrx_word' id='word_1_92' title='bbox 546 1514 689 1594; x_wconf 72' lang='lat' dir='ltr'><strong>cognosci</strong></span> <span class='ocrx_word' id='word_1_93' title='bbox 718 1526 822 1596; x_wconf 88' lang='lat' dir='ltr'><strong>potest</strong></span> <span class='ocrx_word' id='word_1_94' title='bbox 830 1557 840 1591; x_wconf 93' lang='lat'><strong>,</strong></span> <span class='ocrx_word' id='word_1_95' title='bbox 868 1512 1017 1595; x_wconf 86' lang='lat' dir='ltr'><strong>quodque</strong></span> <span class='ocrx_word' id='word_1_96' title='bbox 1045 1513 1118 1575; x_wconf 89' lang='lat' dir='ltr'><strong>dili·</strong></span> 
     </span>
     <span class='ocr_line' id='line_1_13' title="bbox 20 1613 1117 1698; baseline -0.002 -20"><span class='ocrx_word' id='word_1_97' title='bbox 20 1617 156 1696; x_wconf 84' lang='lat' dir='ltr'><strong>gentius</strong></span> <span class='ocrx_word' id='word_1_98' title='bbox 177 1639 196 1678; x_wconf 86' lang='lat' dir='ltr'><strong>a</strong></span> <span class='ocrx_word' id='word_1_99' title='bbox 221 1616 330 1698; x_wconf 86' lang='lat' dir='ltr'><strong>Lipsio</strong></span> <span class='ocrx_word' id='word_1_100' title='bbox 351 1629 383 1680; x_wconf 90' lang='lat' dir='ltr'><strong>et</strong></span> <span class='ocrx_word' id='word_1_101' title='bbox 403 1618 549 1697; x_wconf 77' lang='lat' dir='ltr'><strong>Menagio</strong></span> <span class='ocrx_word' id='word_1_102' title='bbox 569 1616 731 1682; x_wconf 79' lang='lat' dir='ltr'><strong>observari</strong></span> <span class='ocrx_word' id='word_1_103' title='bbox 752 1615 919 1679; x_wconf 85' lang='lat' dir='ltr'><strong>debuisset.</strong></span> <span class='ocrx_word' id='word_1_104' title='bbox 962 1615 1014 1678; x_wconf 87' lang='lat' dir='ltr'><strong>Sic</strong></span> <span class='ocrx_word' id='word_1_105' title='bbox 1033 1613 1117 1695; x_wconf 85' lang='lat' dir='ltr'><strong>apud</strong></span> 
     </span>
     <span class='ocr_line' id='line_1_14' title="bbox 22 1711 1117 1804; baseline 0 -22"><span class='ocrx_word' id='word_1_106' title='bbox 22 1719 203 1782; x_wconf 88' lang='lat' dir='ltr'><strong>Stobseum</strong></span> <span class='ocrx_word' id='word_1_107' title='bbox 218 1717 247 1800; x_wconf 76' lang='lat'><strong>⁵)</strong></span> <span class='ocrx_word' id='word_1_108' title='bbox 269 1731 300 1781; x_wconf 94' lang='lat' dir='ltr'><strong>et</strong></span> <span class='ocrx_word' id='word_1_109' title='bbox 321 1721 524 1784; x_wconf 78' lang='lat' dir='ltr'><strong>Plutarchum</strong></span> <span class='ocrx_word' id='word_1_110' title='bbox 539 1719 567 1804; x_wconf 82' lang='lat'><strong>4)</strong></span> <span class='ocrx_word' id='word_1_111' title='bbox 589 1720 783 1796; x_wconf 86' lang='lat' dir='ltr'><strong>Heraclitus,</strong></span> <span class='ocrx_word' id='word_1_112' title='bbox 804 1739 898 1800; x_wconf 87' lang='lat' dir='ltr'><strong>quem</strong></span> <span class='ocrx_word' id='word_1_113' title='bbox 919 1711 1005 1783; x_wconf 77' lang='lat' dir='ltr'><strong>eusci</strong></span> <span class='ocrx_word' id='word_1_114' title='bbox 1028 1714 1117 1782; x_wconf 79' lang='grc' dir='ltr'><strong><em>πόδα</em></strong></span> 
     </span>
    </p>
   </div>
   <div class='ocr_carea' id='block_1_3' title="bbox 24 1814 1119 2002">
    <p class='ocr_par' dir='ltr' id='par_1_3' title="bbox 24 1814 1119 2002">
     <span class='ocr_line' id='line_1_15' title="bbox 24 1814 1118 1900; baseline -0.007 -16"><span class='ocrx_word' id='word_1_115' title='bbox 24 1821 132 1884; x_wconf 82' lang='lat' dir='ltr'><strong>secuti</strong></span> <span class='ocrx_word' id='word_1_116' title='bbox 150 1832 226 1883; x_wconf 85' lang='lat' dir='ltr'><strong>aunt</strong></span> <span class='ocrx_word' id='word_1_117' title='bbox 242 1821 351 1900; x_wconf 83' lang='lat' dir='ltr'><strong>Stoici,</strong></span> <span class='ocrx_word' id='word_1_118' title='bbox 372 1823 483 1886; x_wconf 87' lang='lat' dir='ltr'><strong>tribuit</strong></span> <span class='ocrx_word' id='word_1_119' title='bbox 497 1821 756 1890; x_wconf 86' lang='grc' dir='ltr'><em>ΑΙΘΕΡΙΟΝ</em></span> <span class='ocrx_word' id='word_1_120' title='bbox 772 1817 918 1886; x_wconf 81' lang='grc' dir='ltr'><em>ΣΩΜΑ</em></span> <span class='ocrx_word' id='word_1_121' title='bbox 937 1817 1010 1893; x_wconf 88' lang='lat' dir='ltr'><strong>lato,</strong></span> <span class='ocrx_word' id='word_1_122' title='bbox 1033 1814 1118 1899; x_wconf 88' lang='lat' dir='ltr'><strong>quod</strong></span> 
     </span>
     <span class='ocr_line' id='line_1_16' title="bbox 25 1909 1119 2002; baseline 0 -20"><span class='ocrx_word' id='word_1_123' title='bbox 25 1921 117 1984; x_wconf 84' lang='lat' dir='ltr'><strong>idem</strong></span> <span class='ocrx_word' id='word_1_124' title='bbox 140 1942 209 1986; x_wconf 84' lang='lat' dir='ltr'><strong>esea</strong></span> <span class='ocrx_word' id='word_1_125' title='bbox 230 1942 266 1983; x_wconf 90' lang='lat' dir='ltr'><strong>ac</strong></span> <span class='ocrx_word' id='word_1_126' title='bbox 289 1921 381 1986; x_wconf 82' lang='lat' dir='ltr'><strong>deum</strong></span> <span class='ocrx_word' id='word_1_127' title='bbox 402 1920 487 2002; x_wconf 89' lang='lat' dir='ltr'><strong>apud</strong></span> <span class='ocrx_word' id='word_1_128' title='bbox 509 1920 631 1984; x_wconf 83' lang='lat' dir='ltr'><strong>Stoicos</strong></span> <span class='ocrx_word' id='word_1_129' title='bbox 658 1930 796 1998; x_wconf 89' lang='lat' dir='ltr'><strong>constat,</strong></span> <span class='ocrx_word' id='word_1_130' title='bbox 822 1918 971 2000; x_wconf 82' lang='lat' dir='ltr'><strong>cuiusque</strong></span> <span class='ocrx_word' id='word_1_131' title='bbox 997 1909 1119 1983; x_wconf 74' lang='lat' dir='ltr'><strong>ariolus</strong></span> 
     </span>
    </p>
   </div>
   <div class='ocr_carea' id='block_1_4' title="bbox 27 2015 1119 2104">
    <p class='ocr_par' dir='ltr' id='par_1_4' title="bbox 27 2015 1119 2104">
     <span class='ocr_line' id='line_1_17' title="bbox 27 2015 1119 2104; baseline -0.01 -15"><span class='ocrx_word' id='word_1_132' title='bbox 27 2017 189 2104; x_wconf 74' lang='grc' dir='ltr'><strong>δύναμιν</strong></span> <span class='ocrx_word' id='word_1_133' title='bbox 210 2015 447 2104; x_wconf 71' lang='grc' dir='ltr'><strong>πνευματικὴν</strong></span> <span class='ocrx_word' id='word_1_134' title='bbox 469 2019 584 2082; x_wconf 86' lang='lat' dir='ltr'><strong>ibidem</strong></span> <span class='ocrx_word' id='word_1_135' title='bbox 606 2022 731 2084; x_wconf 82' lang='lat' dir='ltr'><strong>vocavit</strong></span> <span class='ocrx_word' id='word_1_136' title='bbox 753 2019 959 2100; x_wconf 81' lang='lat' dir='ltr'><strong>Chrysippus.</strong></span> <span class='ocrx_word' id='word_1_137' title='bbox 999 2017 1046 2080; x_wconf 87' lang='lat' dir='ltr'><strong>Ut</strong></span> <span class='ocrx_word' id='word_1_138' title='bbox 1065 2037 1119 2078; x_wconf 88' lang='lat' dir='ltr'><strong>au·</strong></span> 
     </span>
    </p>
   </div>
   <div class='ocr_carea' id='block_1_5' title="bbox 1 2116 1123 2310">
    <p class='ocr_par' dir='ltr' id='par_1_5' title="bbox 1 2116 1123 2310">
     <span class='ocr_line' id='line_1_18' title="bbox 1 2116 1123 2212; baseline -0.004 -26"><span class='ocrx_word' id='word_1_139' title='bbox 1 2181 2 2212; x_wconf 39' lang='lat'>3</span> <span class='ocrx_word' id='word_1_140' title='bbox 28 2136 99 2186; x_wconf 88' lang='lat' dir='ltr'><strong>tem</strong></span> <span class='ocrx_word' id='word_1_141' title='bbox 122 2124 335 2202; x_wconf 77' lang='lat' dir='ltr'><strong>intelligatur,</strong></span> <span class='ocrx_word' id='word_1_142' title='bbox 356 2120 433 2204; x_wconf 83' lang='lat' dir='ltr'><strong>quid</strong></span> <span class='ocrx_word' id='word_1_143' title='bbox 456 2122 496 2183; x_wconf 89' lang='lat' dir='ltr'><strong>sit</strong></span> <span class='ocrx_word' id='word_1_144' title='bbox 520 2121 599 2184; x_wconf 91' lang='lat' dir='ltr'><strong>illud</strong></span> <span class='ocrx_word' id='word_1_145' title='bbox 621 2121 680 2185; x_wconf 87' lang='lat' dir='ltr'><strong>lati</strong></span> <span class='ocrx_word' id='word_1_146' title='bbox 701 2119 960 2188; x_wconf 85' lang='grc' dir='ltr'><em>ΛΙΘΕΡΙΟΝ</em></span> <span class='ocrx_word' id='word_1_147' title='bbox 976 2116 1123 2184; x_wconf 77' lang='grc' dir='ltr'><em>ΣΩΜΑ</em></span> 
     </span>
     <span class='ocr_line' id='line_1_19' title="bbox 28 2217 1119 2310; baseline -0.01 -20"><span class='ocrx_word' id='word_1_148' title='bbox 28 2226 120 2310; x_wconf 83' lang='lat' dir='ltr'><strong>apud</strong></span> <span class='ocrx_word' id='word_1_149' title='bbox 140 2226 353 2304; x_wconf 79' lang='lat' dir='ltr'><strong>Heraclitum,</strong></span> <span class='ocrx_word' id='word_1_150' title='bbox 375 2225 453 2285; x_wconf 89' lang='lat' dir='ltr'><strong>baec</strong></span> <span class='ocrx_word' id='word_1_151' title='bbox 473 2223 607 2288; x_wconf 86' lang='lat' dir='ltr'><strong>tenenda</strong></span> <span class='ocrx_word' id='word_1_152' title='bbox 629 2235 702 2286; x_wconf 86' lang='lat' dir='ltr'><strong>sunt</strong></span> <span class='ocrx_word' id='word_1_153' title='bbox 722 2222 851 2284; x_wconf 87' lang='lat' dir='ltr'><strong>Eusebii</strong></span> <span class='ocrx_word' id='word_1_154' title='bbox 863 2219 890 2306; x_wconf 88' lang='lat'><strong>⁵)</strong></span> <span class='ocrx_word' id='word_1_155' title='bbox 913 2219 951 2282; x_wconf 89' lang='lat' dir='ltr'><strong>de</strong></span> <span class='ocrx_word' id='word_1_156' title='bbox 973 2217 1119 2300; x_wconf 83' lang='lat' dir='ltr'><strong>Orpbicia</strong></span> 
     </span>
    </p>
   </div>
   <div class='ocr_carea' id='block_1_6' title="bbox 31 2315 1119 2510">
    <p class='ocr_par' dir='ltr' id='par_1_6' title="bbox 31 2315 1119 2510">
     <span class='ocr_line' id='line_1_20' title="bbox 31 2315 1118 2410; baseline -0.007 -18"><span class='ocrx_word' id='word_1_157' title='bbox 31 2327 244 2410; x_wconf 78' lang='lat' dir='ltr'><strong>Orpheaque:</strong></span> <span class='ocrx_word' id='word_1_158' title='bbox 275 2322 426 2408; x_wconf 71' lang='lat' dir='ltr'><strong>ironico</strong></span> <span class='ocrx_word' id='word_1_159' title='bbox 451 2327 520 2409; x_wconf 68' lang='lat' dir='ltr'><strong>nte</strong></span> <span class='ocrx_word' id='word_1_160' title='bbox 541 2319 660 2408; x_wconf 62' lang='lat' dir='ltr'><strong>lilino</strong></span> <span class='ocrx_word' id='word_1_161' title='bbox 682 2317 725 2389; x_wconf 80' lang='lat' dir='ltr'><strong>soi</strong></span> <span class='ocrx_word' id='word_1_162' title='bbox 747 2329 834 2406; x_wconf 73' lang='lat' dir='ltr'><strong>inp,</strong></span> <span class='ocrx_word' id='word_1_163' title='bbox 861 2315 924 2389; x_wconf 76' lang='lat' dir='ltr'><strong>sair</strong></span> <span class='ocrx_word' id='word_1_164' title='bbox 945 2322 1034 2390; x_wconf 73' lang='lat' dir='ltr'><strong>rosia</strong></span> <span class='ocrx_word' id='word_1_165' title='bbox 1055 2319 1118 2386; x_wconf 82' lang='lat' dir='ltr'><strong>soti</strong></span> 
     </span>
     <span class='ocr_line' id='line_1_21' title="bbox 32 2413 1119 2510; baseline -0.011 -12"><span class='ocrx_word' id='word_1_166' title='bbox 32 2423 115 2504; x_wconf 76' lang='grc' dir='ltr'><strong>Διὸς</strong></span> <span class='ocrx_word' id='word_1_167' title='bbox 137 2429 225 2496; x_wconf 76' lang='lat' dir='ltr'><strong>airas</strong></span> <span class='ocrx_word' id='word_1_168' title='bbox 248 2419 310 2494; x_wconf 71' lang='grc' dir='ltr'><strong>τόν</strong></span> <span class='ocrx_word' id='word_1_169' title='bbox 332 2427 475 2510; x_wconf 74' lang='grc' dir='ltr'><strong><em>αἰθέρα·</em></strong></span> <span class='ocrx_word' id='word_1_170' title='bbox 511 2427 587 2494; x_wconf 75' lang='grc' dir='ltr'><strong>νυνὶ</strong></span> <span class='ocrx_word' id='word_1_171' title='bbox 613 2425 648 2492; x_wconf 73' lang='lat' dir='ltr'><strong>«tt</strong></span> <span class='ocrx_word' id='word_1_172' title='bbox 676 2419 695 2492; x_wconf 82' lang='grc' dir='ltr'>ὁ</span> <span class='ocrx_word' id='word_1_173' title='bbox 724 2417 823 2509; x_wconf 69' lang='grc' dir='ltr'><strong><em>λόγος</em></strong></span> <span class='ocrx_word' id='word_1_174' title='bbox 850 2423 885 2488; x_wconf 82' lang='lat' dir='ltr'><strong>ei</strong></span> <span class='ocrx_word' id='word_1_175' title='bbox 905 2423 990 2488; x_wconf 83' lang='lat' dir='ltr'><strong>nori</strong></span> <span class='ocrx_word' id='word_1_176' title='bbox 1009 2413 1119 2488; x_wconf 75' lang='lat' dir='ltr'><strong>iocso‘</strong></span> 
     </span>
    </p>
   </div>
   <div class='ocr_carea' id='block_1_7' title="bbox 33 2591 1184 4248">
    <p class='ocr_par' dir='ltr' id='par_1_7' title="bbox 33 2591 1184 3988">
     <span class='ocr_line' id='line_1_22' title="bbox 110 2591 1119 2672; baseline -0.011 -17"><span class='ocrx_word' id='word_1_177' title='bbox 110 2601 139 2672; x_wconf 88' lang='lat' dir='ltr'><strong>t)</strong></span> <span class='ocrx_word' id='word_1_178' title='bbox 158 2603 199 2655; x_wconf 87' lang='lat' dir='ltr'><strong>De</strong></span> <span class='ocrx_word' id='word_1_179' title='bbox 217 2600 270 2655; x_wconf 86' lang='lat' dir='ltr'><strong>boc</strong></span> <span class='ocrx_word' id='word_1_180' title='bbox 288 2597 418 2656; x_wconf 73' lang='lat' dir='ltr'><strong>vocabulo</strong></span> <span class='ocrx_word' id='word_1_181' title='bbox 437 2601 580 2672; x_wconf 80' lang='lat' dir='ltr'><strong>(essentia)</strong></span> <span class='ocrx_word' id='word_1_182' title='bbox 599 2600 665 2653; x_wconf 86' lang='lat' dir='ltr'><strong>haec</strong></span> <span class='ocrx_word' id='word_1_183' title='bbox 683 2596 801 2652; x_wconf 84' lang='lat' dir='ltr'><strong>notanda</strong></span> <span class='ocrx_word' id='word_1_184' title='bbox 822 2595 900 2650; x_wconf 87' lang='lat' dir='ltr'><strong>babel</strong></span> <span class='ocrx_word' id='word_1_185' title='bbox 916 2595 1019 2648; x_wconf 82' lang='lat' dir='ltr'><strong>Seneca</strong></span> <span class='ocrx_word' id='word_1_186' title='bbox 1037 2591 1119 2664; x_wconf 82' lang='lat' dir='ltr'><strong>Epist.</strong></span> 
     </span>
     <span class='ocr_line' id='line_1_23' title="bbox 36 2681 1119 2760; baseline -0.013 -14"><span class='ocrx_word' id='word_1_187' title='bbox 36 2695 74 2746; x_wconf 78' lang='lat'><strong>58</strong></span> <span class='ocrx_word' id='word_1_188' title='bbox 92 2689 165 2743; x_wconf 79' lang='lat' dir='ltr'><strong>inis:</strong></span> <span class='ocrx_word' id='word_1_189' title='bbox 188 2691 300 2760; x_wconf 82' lang='lat' dir='ltr'><strong>Quanta</strong></span> <span class='ocrx_word' id='word_1_190' title='bbox 319 2689 456 2742; x_wconf 78' lang='lat' dir='ltr'><strong>verborum</strong></span> <span class='ocrx_word' id='word_1_191' title='bbox 474 2688 549 2741; x_wconf 82' lang='lat' dir='ltr'><strong>nobis</strong></span> <span class='ocrx_word' id='word_1_192' title='bbox 567 2697 732 2758; x_wconf 83' lang='lat' dir='ltr'><strong>paupertas,</strong></span> <span class='ocrx_word' id='word_1_193' title='bbox 755 2687 833 2736; x_wconf 87' lang='lat' dir='ltr'><strong>immo</strong></span> <span class='ocrx_word' id='word_1_194' title='bbox 851 2691 958 2755; x_wconf 78' lang='lat' dir='ltr'><strong>egestas</strong></span> <span class='ocrx_word' id='word_1_195' title='bbox 975 2681 1027 2744; x_wconf 85' lang='lat' dir='ltr'><strong>sit,</strong></span> <span class='ocrx_word' id='word_1_196' title='bbox 1049 2698 1119 2732; x_wconf 74' lang='lat' dir='ltr'><strong>nun-</strong></span> 
     </span>
     <span class='ocr_line' id='line_1_24' title="bbox 37 2769 1120 2852; baseline -0.011 -22"><span class='ocrx_word' id='word_1_197' title='bbox 37 2795 119 2852; x_wconf 75' lang='lat' dir='ltr'><strong>quam</strong></span> <span class='ocrx_word' id='word_1_198' title='bbox 137 2779 222 2848; x_wconf 81' lang='lat' dir='ltr'><strong>magia</strong></span> <span class='ocrx_word' id='word_1_199' title='bbox 239 2794 320 2848; x_wconf 83' lang='lat' dir='ltr'><strong>quam</strong></span> <span class='ocrx_word' id='word_1_200' title='bbox 338 2776 465 2830; x_wconf 77' lang='lat' dir='ltr'><strong>hodierno</strong></span> <span class='ocrx_word' id='word_1_201' title='bbox 483 2775 524 2828; x_wconf 81' lang='lat' dir='ltr'><strong>die</strong></span> <span class='ocrx_word' id='word_1_202' title='bbox 542 2775 671 2830; x_wconf 78' lang='lat' dir='ltr'><strong>intellexi.</strong></span> <span class='ocrx_word' id='word_1_203' title='bbox 713 2771 791 2826; x_wconf 87' lang='lat' dir='ltr'><strong>Mille</strong></span> <span class='ocrx_word' id='word_1_204' title='bbox 808 2788 851 2825; x_wconf 84' lang='lat' dir='ltr'><strong>rea</strong></span> <span class='ocrx_word' id='word_1_205' title='bbox 868 2769 1036 2832; x_wconf 82' lang='lat' dir='ltr'><strong>inciderunt,</strong></span> <span class='ocrx_word' id='word_1_206' title='bbox 1060 2783 1120 2818; x_wconf 86' lang='lat' dir='ltr'><strong>cum</strong></span> 
     </span>
     <span class='ocr_line' id='line_1_25' title="bbox 33 2852 1184 2942; baseline -0.015 -22"><span class='ocrx_word' id='word_1_207' title='bbox 33 2867 112 2940; x_wconf 83' lang='lat' dir='ltr'><strong>sorte</strong></span> <span class='ocrx_word' id='word_1_208' title='bbox 125 2867 156 2916; x_wconf 84' lang='lat' dir='ltr'><strong>rie</strong></span> <span class='ocrx_word' id='word_1_209' title='bbox 169 2865 284 2918; x_wconf 84' lang='lat' dir='ltr'><strong>Platone</strong></span> <span class='ocrx_word' id='word_1_210' title='bbox 300 2865 476 2937; x_wconf 79' lang='lat' dir='ltr'><strong>loqueremur,</strong></span> <span class='ocrx_word' id='word_1_211' title='bbox 494 2883 562 2936; x_wconf 83' lang='lat' dir='ltr'><strong>qnae</strong></span> <span class='ocrx_word' id='word_1_212' title='bbox 582 2865 688 2917; x_wconf 80' lang='lat' dir='ltr'><strong>nomina</strong></span> <span class='ocrx_word' id='word_1_213' title='bbox 706 2861 897 2924; x_wconf 74' lang='lat' dir='ltr'><strong>desiderarent,</strong></span> <span class='ocrx_word' id='word_1_214' title='bbox 914 2873 961 2907; x_wconf 83' lang='lat' dir='ltr'><strong>nec</strong></span> <span class='ocrx_word' id='word_1_215' title='bbox 977 2852 1119 2906; x_wconf 71' lang='lat' dir='ltr'><strong>haberant:</strong></span> <span class='ocrx_word' id='word_1_216' title='bbox 1182 2937 1184 2942; x_wconf 17' lang='grc' dir='ltr'><strong><em>Α</em></strong></span> 
     </span>
     <span class='ocr_line' id='line_1_26' title="bbox 39 2943 1119 3028; baseline -0.013 -22"><span class='ocrx_word' id='word_1_217' title='bbox 39 2951 168 3028; x_wconf 82' lang='lat' dir='ltr'><strong>quaedam</strong></span> <span class='ocrx_word' id='word_1_218' title='bbox 181 2971 243 3006; x_wconf 76' lang='lat' dir='ltr'><strong>raro</strong></span> <span class='ocrx_word' id='word_1_219' title='bbox 256 2971 317 3006; x_wconf 82' lang='lat' dir='ltr'><strong>enm</strong></span> <span class='ocrx_word' id='word_1_220' title='bbox 333 2953 500 3020; x_wconf 66' lang='lat' dir='ltr'><strong>heimerani,</strong></span> <span class='ocrx_word' id='word_1_221' title='bbox 512 2952 634 3025; x_wconf 80' lang='lat' dir='ltr'><strong>fastidia</strong></span> <span class='ocrx_word' id='word_1_222' title='bbox 652 2960 744 3004; x_wconf 83' lang='lat' dir='ltr'><strong>nostro</strong></span> <span class='ocrx_word' id='word_1_223' title='bbox 759 2947 945 3017; x_wconf 83' lang='lat' dir='ltr'><strong>perdidissent.</strong></span> <span class='ocrx_word' id='word_1_224' title='bbox 983 2943 1050 3011; x_wconf 84' lang='lat' dir='ltr'><strong>Quis</strong></span> <span class='ocrx_word' id='word_1_225' title='bbox 1068 2958 1119 2993; x_wconf 84' lang='lat' dir='ltr'><strong>au-</strong></span> 
     </span>
     <span class='ocr_line' id='line_1_27' title="bbox 41 3025 1120 3112; baseline -0.014 -19"><span class='ocrx_word' id='word_1_226' title='bbox 41 3052 94 3094; x_wconf 86' lang='lat' dir='ltr'><strong>tem</strong></span> <span class='ocrx_word' id='word_1_227' title='bbox 107 3041 186 3112; x_wconf 85' lang='lat' dir='ltr'><strong>ferat</strong></span> <span class='ocrx_word' id='word_1_228' title='bbox 202 3040 232 3092; x_wconf 88' lang='lat' dir='ltr'><strong>in</strong></span> <span class='ocrx_word' id='word_1_229' title='bbox 248 3049 370 3112; x_wconf 73' lang='lat' dir='ltr'><strong>egestate</strong></span> <span class='ocrx_word' id='word_1_230' title='bbox 382 3041 535 3112; x_wconf 81' lang='lat' dir='ltr'><strong>sastilium</strong></span> <span class='ocrx_word' id='word_1_231' title='bbox 552 3049 603 3092; x_wconf 86' lang='lat' dir='ltr'><strong>etc.</strong></span> <span class='ocrx_word' id='word_1_232' title='bbox 630 3035 717 3108; x_wconf 84' lang='lat' dir='ltr'><strong>(quod</strong></span> <span class='ocrx_word' id='word_1_233' title='bbox 737 3033 859 3108; x_wconf 83' lang='lat' dir='ltr'><strong>apprime</strong></span> <span class='ocrx_word' id='word_1_234' title='bbox 877 3032 905 3084; x_wconf 92' lang='lat' dir='ltr'><strong>in</strong></span> <span class='ocrx_word' id='word_1_235' title='bbox 923 3028 1043 3099; x_wconf 75' lang='lat' dir='ltr'><strong>linguam</strong></span> <span class='ocrx_word' id='word_1_236' title='bbox 1062 3025 1120 3099; x_wconf 79' lang='lat' dir='ltr'><strong>gal-</strong></span> 
     </span>
     <span class='ocr_line' id='line_1_28' title="bbox 42 3115 1121 3200; baseline -0.015 -18"><span class='ocrx_word' id='word_1_237' title='bbox 42 3130 118 3184; x_wconf 85' lang='lat' dir='ltr'><strong>licam</strong></span> <span class='ocrx_word' id='word_1_238' title='bbox 133 3126 249 3200; x_wconf 83' lang='lat' dir='ltr'><strong>superbo</strong></span> <span class='ocrx_word' id='word_1_239' title='bbox 264 3127 399 3182; x_wconf 85' lang='lat' dir='ltr'><strong>interdum</strong></span> <span class='ocrx_word' id='word_1_240' title='bbox 414 3127 526 3200; x_wconf 78' lang='lat' dir='ltr'><strong>inopem</strong></span> <span class='ocrx_word' id='word_1_241' title='bbox 540 3124 647 3180; x_wconf 73' lang='lat' dir='ltr'><strong>tasnato</strong></span> <span class='ocrx_word' id='word_1_242' title='bbox 661 3123 756 3180; x_wconf 86' lang='lat' dir='ltr'><strong>cadere</strong></span> <span class='ocrx_word' id='word_1_243' title='bbox 771 3117 890 3194; x_wconf 62' lang='lat' dir='ltr'><strong>posteo?</strong></span> <span class='ocrx_word' id='word_1_244' title='bbox 923 3117 1004 3188; x_wconf 83' lang='lat' dir='ltr'><strong>Quid,</strong></span> <span class='ocrx_word' id='word_1_245' title='bbox 1021 3115 1121 3187; x_wconf 84' lang='lat' dir='ltr'><strong>inquis,</strong></span> 
     </span>
     <span class='ocr_line' id='line_1_29' title="bbox 43 3203 1121 3288; baseline -0.015 -18"><span class='ocrx_word' id='word_1_246' title='bbox 43 3217 93 3272; x_wconf 82' lang='lat' dir='ltr'><strong>sibi</strong></span> <span class='ocrx_word' id='word_1_247' title='bbox 109 3217 164 3268; x_wconf 86' lang='lat' dir='ltr'><strong>iata</strong></span> <span class='ocrx_word' id='word_1_248' title='bbox 181 3215 241 3266; x_wconf 82' lang='lat' dir='ltr'><strong>vult</strong></span> <span class='ocrx_word' id='word_1_249' title='bbox 254 3215 451 3285; x_wconf 78' lang='lat' dir='ltr'><strong>praeparatio?</strong></span> <span class='ocrx_word' id='word_1_250' title='bbox 469 3235 522 3288; x_wconf 81' lang='lat' dir='ltr'><strong>quo</strong></span> <span class='ocrx_word' id='word_1_251' title='bbox 533 3211 659 3285; x_wconf 76' lang='lat' dir='ltr'><strong>spectat?</strong></span> <span class='ocrx_word' id='word_1_252' title='bbox 678 3215 738 3264; x_wconf 88' lang='lat' dir='ltr'><strong>Non</strong></span> <span class='ocrx_word' id='word_1_253' title='bbox 752 3208 841 3260; x_wconf 83' lang='lat' dir='ltr'><strong>celabo</strong></span> <span class='ocrx_word' id='word_1_254' title='bbox 855 3215 882 3257; x_wconf 85' lang='lat' dir='ltr'><strong>te</strong></span> <span class='ocrx_word' id='word_1_255' title='bbox 889 3225 900 3267; x_wconf 83' lang='grc'><strong>,-</strong></span> <span class='ocrx_word' id='word_1_256' title='bbox 919 3205 1005 3274; x_wconf 65' lang='lat' dir='ltr'><strong>ceptio,</strong></span> <span class='ocrx_word' id='word_1_257' title='bbox 1023 3203 1121 3272; x_wconf 85' lang='lat' dir='ltr'><strong>sifieri</strong></span> 
     </span>
     <span class='ocr_line' id='line_1_30' title="bbox 42 3291 1120 3375; baseline -0.015 -18"><span class='ocrx_word' id='word_1_258' title='bbox 42 3313 127 3375; x_wconf 82' lang='lat' dir='ltr'><strong>potest</strong></span> <span class='ocrx_word' id='word_1_259' title='bbox 142 3299 266 3370; x_wconf 74' lang='lat' dir='ltr'><strong>propitiis</strong></span> <span class='ocrx_word' id='word_1_260' title='bbox 284 3301 397 3354; x_wconf 81' lang='lat' dir='ltr'><strong>eruribus</strong></span> <span class='ocrx_word' id='word_1_261' title='bbox 416 3305 487 3369; x_wconf 83' lang='lat' dir='ltr'><strong>tuis,</strong></span> <span class='ocrx_word' id='word_1_262' title='bbox 504 3303 647 3356; x_wconf 77' lang='lat' dir='ltr'><strong>essentiam</strong></span> <span class='ocrx_word' id='word_1_263' title='bbox 668 3301 770 3358; x_wconf 69' lang='lat' dir='ltr'><strong>dicam</strong></span> <span class='ocrx_word' id='word_1_264' title='bbox 797 3294 839 3348; x_wconf 85' lang='lat' dir='ltr'><strong>sin</strong></span> <span class='ocrx_word' id='word_1_265' title='bbox 857 3291 959 3350; x_wconf 69' lang='lat' dir='ltr'><strong>nunna,</strong></span> <span class='ocrx_word' id='word_1_266' title='bbox 987 3292 1072 3343; x_wconf 84' lang='lat' dir='ltr'><strong>dicam</strong></span> <span class='ocrx_word' id='word_1_267' title='bbox 1092 3299 1120 3342; x_wconf 77' lang='lat' dir='ltr'><strong>el</strong></span> 
     </span>
     <span class='ocr_line' id='line_1_31' title="bbox 45 3377 1121 3453; baseline -0.014 -10"><span class='ocrx_word' id='word_1_268' title='bbox 45 3391 129 3445; x_wconf 80' lang='lat' dir='ltr'><strong>iratis.</strong></span> <span class='ocrx_word' id='word_1_269' title='bbox 163 3388 309 3441; x_wconf 68' lang='lat' dir='ltr'><strong>Ciceronem</strong></span> <span class='ocrx_word' id='word_1_270' title='bbox 327 3400 463 3443; x_wconf 83' lang='lat' dir='ltr'><strong>auctorem</strong></span> <span class='ocrx_word' id='word_1_271' title='bbox 487 3392 569 3444; x_wconf 78' lang='lat' dir='ltr'><strong>buius</strong></span> <span class='ocrx_word' id='word_1_272' title='bbox 588 3387 661 3442; x_wconf 82' lang='lat' dir='ltr'><strong>verbi</strong></span> <span class='ocrx_word' id='word_1_273' title='bbox 679 3384 777 3452; x_wconf 77' lang='lat' dir='ltr'><strong>nabeo,</strong></span> <span class='ocrx_word' id='word_1_274' title='bbox 799 3390 868 3453; x_wconf 84' lang='lat' dir='ltr'><strong>puta</strong></span> <span class='ocrx_word' id='word_1_275' title='bbox 890 3379 1064 3448; x_wconf 70' lang='lat' dir='ltr'><strong>locupletem</strong></span> <span class='ocrx_word' id='word_1_276' title='bbox 1096 3377 1121 3430; x_wconf 84' lang='lat' dir='ltr'><strong>si</strong></span> 
     </span>
     <span class='ocr_line' id='line_1_32' title="bbox 46 3466 1119 3549; baseline -0.014 -17"><span class='ocrx_word' id='word_1_277' title='bbox 46 3478 206 3532; x_wconf 80' lang='lat' dir='ltr'><strong>recentiorem</strong></span> <span class='ocrx_word' id='word_1_278' title='bbox 220 3478 336 3549; x_wconf 80' lang='lat' dir='ltr'><strong>quaeris,</strong></span> <span class='ocrx_word' id='word_1_279' title='bbox 353 3477 514 3545; x_wconf 82' lang='lat' dir='ltr'><strong>Fabianum,</strong></span> <span class='ocrx_word' id='word_1_280' title='bbox 534 3479 663 3532; x_wconf 76' lang='lat' dir='ltr'><strong>discrima</strong></span> <span class='ocrx_word' id='word_1_281' title='bbox 680 3484 706 3528; x_wconf 80' lang='lat' dir='ltr'><strong>ei</strong></span> <span class='ocrx_word' id='word_1_282' title='bbox 719 3474 876 3544; x_wconf 73' lang='lat' dir='ltr'><strong>elegantem,</strong></span> <span class='ocrx_word' id='word_1_283' title='bbox 893 3467 1024 3521; x_wconf 86' lang='lat' dir='ltr'><strong>orationis</strong></span> <span class='ocrx_word' id='word_1_284' title='bbox 1038 3466 1119 3518; x_wconf 84' lang='lat' dir='ltr'><strong>eliam</strong></span> 
     </span>
     <span class='ocr_line' id='line_1_33' title="bbox 46 3552 1119 3638; baseline -0.012 -21"><span class='ocrx_word' id='word_1_285' title='bbox 46 3567 82 3618; x_wconf 81' lang='lat' dir='ltr'><strong>acl</strong></span> <span class='ocrx_word' id='word_1_286' title='bbox 96 3577 213 3620; x_wconf 81' lang='lat' dir='ltr'><strong>nostrum</strong></span> <span class='ocrx_word' id='word_1_287' title='bbox 224 3566 376 3638; x_wconf 76' lang='lat' dir='ltr'><strong>fastidium</strong></span> <span class='ocrx_word' id='word_1_288' title='bbox 393 3567 506 3619; x_wconf 84' lang='lat' dir='ltr'><strong>nitidae.</strong></span> <span class='ocrx_word' id='word_1_289' title='bbox 540 3565 614 3636; x_wconf 83' lang='lat' dir='ltr'><strong>Quid</strong></span> <span class='ocrx_word' id='word_1_290' title='bbox 629 3564 699 3618; x_wconf 85' lang='lat' dir='ltr'><strong>enirn</strong></span> <span class='ocrx_word' id='word_1_291' title='bbox 710 3563 779 3632; x_wconf 82' lang='lat' dir='ltr'><strong>fiet,</strong></span> <span class='ocrx_word' id='word_1_292' title='bbox 798 3560 834 3612; x_wconf 88' lang='lat' dir='ltr'><strong>mi</strong></span> <span class='ocrx_word' id='word_1_293' title='bbox 850 3554 964 3610; x_wconf 79' lang='lat' dir='ltr'><strong>Lucili?</strong></span> <span class='ocrx_word' id='word_1_294' title='bbox 990 3552 1119 3626; x_wconf 78' lang='lat' dir='ltr'><strong>quornoslo</strong></span> 
     </span>
     <span class='ocr_line' id='line_1_34' title="bbox 48 3645 1120 3720; baseline -0.017 -14"><span class='ocrx_word' id='word_1_295' title='bbox 48 3655 144 3709; x_wconf 78' lang='lat' dir='ltr'><strong>(licetur</strong></span> <span class='ocrx_word' id='word_1_296' title='bbox 160 3651 234 3707; x_wconf 80' lang='lat' dir='ltr'><strong>ariolo</strong></span> <span class='ocrx_word' id='word_1_297' title='bbox 252 3654 480 3720; x_wconf 69' lang='lat' dir='ltr'><strong>marcescentia,</strong></span> <span class='ocrx_word' id='word_1_298' title='bbox 507 3663 636 3706; x_wconf 82' lang='lat' dir='ltr'><strong>naturam</strong></span> <span class='ocrx_word' id='word_1_299' title='bbox 661 3649 814 3712; x_wconf 77' lang='lat' dir='ltr'><strong>continens,</strong></span> <span class='ocrx_word' id='word_1_300' title='bbox 835 3645 1045 3718; x_wconf 75' lang='lat' dir='ltr'><strong>sandonuntum</strong></span> <span class='ocrx_word' id='word_1_301' title='bbox 1064 3657 1120 3690; x_wconf 85' lang='lat' dir='ltr'><strong>om·-</strong></span> 
     </span>
     <span class='ocr_line' id='line_1_35' title="bbox 49 3725 1121 3814; baseline -0.017 -20"><span class='ocrx_word' id='word_1_302' title='bbox 49 3741 136 3794; x_wconf 83' lang='lat' dir='ltr'><strong>m&#39;um?</strong></span> <span class='ocrx_word' id='word_1_303' title='bbox 169 3741 212 3795; x_wconf 88' lang='lat' dir='ltr'><strong>De</strong></span> <span class='ocrx_word' id='word_1_304' title='bbox 230 3761 285 3814; x_wconf 86' lang='lat' dir='ltr'><strong>quo</strong></span> <span class='ocrx_word' id='word_1_305' title='bbox 303 3743 361 3795; x_wconf 82' lang='lat' dir='ltr'><strong>side</strong></span> <span class='ocrx_word' id='word_1_306' title='bbox 380 3743 493 3795; x_wconf 88' lang='lat' dir='ltr'><strong>omniuo</strong></span> <span class='ocrx_word' id='word_1_307' title='bbox 511 3739 734 3813; x_wconf 74' lang='lat' dir='ltr'><strong>elegantissimum</strong></span> <span class='ocrx_word' id='word_1_308' title='bbox 754 3747 780 3790; x_wconf 90' lang='lat' dir='ltr'><strong>et</strong></span> <span class='ocrx_word' id='word_1_309' title='bbox 801 3730 1006 3788; x_wconf 77' lang='lat' dir='ltr'><strong>eruditissimum</strong></span> <span class='ocrx_word' id='word_1_310' title='bbox 1026 3725 1121 3778; x_wconf 85' lang='lat' dir='ltr'><strong>Mure·</strong></span> 
     </span>
     <span class='ocr_line' id='line_1_36' title="bbox 50 3811 1120 3898; baseline -0.018 -15"><span class='ocrx_word' id='word_1_311' title='bbox 50 3841 102 3884; x_wconf 85' lang='lat' dir='ltr'><strong>tum</strong></span> <span class='ocrx_word' id='word_1_312' title='bbox 118 3829 218 3883; x_wconf 85' lang='lat' dir='ltr'><strong>Variar.</strong></span> <span class='ocrx_word' id='word_1_313' title='bbox 234 3829 307 3884; x_wconf 86' lang='lat' dir='ltr'><strong>Lect.</strong></span> <span class='ocrx_word' id='word_1_314' title='bbox 324 3830 385 3894; x_wconf 80' lang='lat' dir='ltr'><strong>XV,</strong></span> <span class='ocrx_word' id='word_1_315' title='bbox 404 3834 447 3882; x_wconf 83' lang='lat' dir='ltr'><strong>to.</strong></span> <span class='ocrx_word' id='word_1_316' title='bbox 473 3839 499 3882; x_wconf 88' lang='lat' dir='ltr'><strong>et</strong></span> <span class='ocrx_word' id='word_1_317' title='bbox 517 3845 647 3898; x_wconf 76' lang='lat' dir='ltr'><strong>magnum</strong></span> <span class='ocrx_word' id='word_1_318' title='bbox 670 3825 746 3878; x_wconf 88' lang='lat' dir='ltr'><strong>illum</strong></span> <span class='ocrx_word' id='word_1_319' title='bbox 764 3819 923 3874; x_wconf 78' lang='lat' dir='ltr'><strong>salmasium</strong></span> <span class='ocrx_word' id='word_1_320' title='bbox 945 3815 978 3868; x_wconf 88' lang='lat' dir='ltr'><strong>de</strong></span> <span class='ocrx_word' id='word_1_321' title='bbox 1001 3811 1120 3866; x_wconf 85' lang='lat' dir='ltr'><strong>Helleni·</strong></span> 
     </span>
     <span class='ocr_line' id='line_1_37' title="bbox 51 3899 937 3988; baseline -0.012 -18"><span class='ocrx_word' id='word_1_322' title='bbox 51 3916 108 3970; x_wconf 81' lang='lat' dir='ltr'><strong>stica</strong></span> <span class='ocrx_word' id='word_1_323' title='bbox 125 3937 149 3988; x_wconf 85' lang='lat' dir='ltr'><strong>p.</strong></span> <span class='ocrx_word' id='word_1_324' title='bbox 165 3938 192 3988; x_wconf 81' lang='lat' dir='ltr'><strong>p.</strong></span> <span class='ocrx_word' id='word_1_325' title='bbox 212 3919 263 3970; x_wconf 81' lang='lat' dir='ltr'><strong>ll&#39;l</strong></span> <span class='ocrx_word' id='word_1_326' title='bbox 282 3927 308 3970; x_wconf 88' lang='lat' dir='ltr'><strong>et</strong></span> <span class='ocrx_word' id='word_1_327' title='bbox 328 3919 392 3972; x_wconf 84' lang='grc'><strong>118.</strong></span> <span class='ocrx_word' id='word_1_328' title='bbox 430 3915 483 3983; x_wconf 84' lang='lat' dir='ltr'><strong>[De</strong></span> <span class='ocrx_word' id='word_1_329' title='bbox 502 3934 565 3969; x_wconf 78' lang='lat' dir='ltr'><strong>noce</strong></span> <span class='ocrx_word' id='word_1_330' title='bbox 583 3913 700 3967; x_wconf 70' lang='lat' dir='ltr'><strong>enarratio</strong></span> <span class='ocrx_word' id='word_1_331' title='bbox 719 3909 781 3964; x_wconf 84' lang='lat' dir='ltr'><strong>alibi</strong></span> <span class='ocrx_word' id='word_1_332' title='bbox 799 3907 908 3972; x_wconf 80' lang='lat' dir='ltr'><strong>dicam]</strong></span> <span class='ocrx_word' id='word_1_333' title='bbox 929 3899 937 3909; x_wconf 83' lang='grc'>’</span> 
     </span>
    </p>

    <p class='ocr_par' dir='ltr' id='par_1_8' title="bbox 116 3997 922 4075">
     <span class='ocr_line' id='line_1_38' title="bbox 116 3997 922 4075; baseline -0.011 -18"><span class='ocrx_word' id='word_1_334' title='bbox 116 4006 144 4069; x_wconf 77' lang='grc'><strong>1)</strong></span> <span class='ocrx_word' id='word_1_335' title='bbox 160 4004 223 4075; x_wconf 71' lang='lat' dir='ltr'><strong>Pag-</strong></span> <span class='ocrx_word' id='word_1_336' title='bbox 241 4009 303 4059; x_wconf 78' lang='grc'><strong>111.</strong></span> <span class='ocrx_word' id='word_1_337' title='bbox 583 4003 614 4066; x_wconf 78' lang='lat' dir='ltr'><strong>i)</strong></span> <span class='ocrx_word' id='word_1_338' title='bbox 633 3997 819 4072; x_wconf 74' lang='lat' dir='ltr'><strong>Eelog.,pbys.</strong></span> <span class='ocrx_word' id='word_1_339' title='bbox 838 4014 864 4067; x_wconf 80' lang='lat' dir='ltr'><strong>p.</strong></span> <span class='ocrx_word' id='word_1_340' title='bbox 879 3997 922 4050; x_wconf 84' lang='lat' dir='ltr'><strong>tr.</strong></span> 
     </span>
    </p>

    <p class='ocr_par' dir='ltr' id='par_1_9' title="bbox 115 4089 627 4162">
     <span class='ocr_line' id='line_1_39' title="bbox 115 4089 627 4162; baseline -0.002 -18"><span class='ocrx_word' id='word_1_341' title='bbox 115 4091 144 4157; x_wconf 83' lang='lat'><strong>4)</strong></span> <span class='ocrx_word' id='word_1_342' title='bbox 161 4089 202 4143; x_wconf 86' lang='lat' dir='ltr'><strong>De</strong></span> <span class='ocrx_word' id='word_1_343' title='bbox 222 4091 289 4160; x_wconf 84' lang='lat' dir='ltr'><strong>plac.</strong></span> <span class='ocrx_word' id='word_1_344' title='bbox 307 4089 402 4162; x_wconf 84' lang='lat' dir='ltr'><strong>philos.</strong></span> <span class='ocrx_word' id='word_1_345' title='bbox 421 4091 443 4156; x_wconf 91' lang='lat' dir='ltr'><strong>l,</strong></span> <span class='ocrx_word' id='word_1_346' title='bbox 461 4094 505 4144; x_wconf 79' lang='lat'><strong>28.</strong></span> <span class='ocrx_word' id='word_1_347' title='bbox 523 4110 549 4161; x_wconf 85' lang='lat' dir='ltr'><strong>p.</strong></span> <span class='ocrx_word' id='word_1_348' title='bbox 566 4091 627 4144; x_wconf 75' lang='grc'><strong>881.</strong></span> 
     </span>
    </p>

    <p class='ocr_par' dir='ltr' id='par_1_10' title="bbox 116 4175 761 4248">
     <span class='ocr_line' id='line_1_40' title="bbox 116 4175 761 4248; baseline -0.009 -16"><span class='ocrx_word' id='word_1_349' title='bbox 116 4180 144 4246; x_wconf 79' lang='lat' dir='ltr'><strong>i)</strong></span> <span class='ocrx_word' id='word_1_350' title='bbox 161 4177 257 4248; x_wconf 82' lang='lat' dir='ltr'><strong>Prasp.</strong></span> <span class='ocrx_word' id='word_1_351' title='bbox 274 4195 367 4248; x_wconf 77' lang='lat' dir='ltr'><strong>evang.</strong></span> <span class='ocrx_word' id='word_1_352' title='bbox 391 4175 451 4243; x_wconf 84' lang='lat' dir='ltr'><strong>XV,</strong></span> <span class='ocrx_word' id='word_1_353' title='bbox 470 4179 512 4231; x_wconf 79' lang='lat' dir='ltr'><strong>ts.</strong></span> <span class='ocrx_word' id='word_1_354' title='bbox 532 4177 578 4241; x_wconf 91' lang='lat' dir='ltr'><strong>lll,</strong></span> <span class='ocrx_word' id='word_1_355' title='bbox 597 4177 640 4227; x_wconf 87' lang='grc'><strong>11.</strong></span> <span class='ocrx_word' id='word_1_356' title='bbox 658 4193 684 4247; x_wconf 83' lang='lat' dir='ltr'><strong>p.</strong></span> <span class='ocrx_word' id='word_1_357' title='bbox 700 4175 761 4226; x_wconf 81' lang='grc'><strong>108.</strong></span> 
     </span>
    </p>
   </div>
   <div class='ocr_carea' id='block_1_8' title="bbox 0 0 1460 4860">
    <p class='ocr_par' dir='ltr' id='par_1_11' title="bbox 0 0 1460 4860">
     <span class='ocr_line' id='line_1_41' title="bbox 0 0 1460 4860; baseline 0 0"><span class='ocrx_word' id='word_1_358' title='bbox 0 0 1460 4860; x_wconf 95' lang='lat' dir='ltr'><strong> </strong></span> 
     </span>
    </p>
   </div>
   <div class='ocr_carea' id='block_1_9' title="bbox 332 4666 500 4817">
    <p class='ocr_par' dir='ltr' id='par_1_12' title="bbox 332 4666 500 4817">
     <span class='ocr_line' id='line_1_42' title="bbox 332 4666 500 4817; baseline 0 0"><span class='ocrx_word' id='word_1_359' title='bbox 332 4666 500 4817; x_wconf 60' lang='grc' dir='ltr'><strong>,ἐ</strong></span> 
     </span>
    </p>
   </div>
  </div>
 </body>
</html>
