2932 4878
715 397 755 411 -
803 363 951 424 504-

296 546 395 598 vocnt.
440 531 525 594 idem
545 527 672 613 tntrs1)
693 525 837 612 loquitur
855 527 895 590 de
911 527 1089 592 Stoicorum
1109 547 1214 608 more,
1240 551 1318 614 quo
1336 553 1396 594 mn·

297 657 389 714 nere,
422 637 471 698 vel
495 633 694 716 operationes
722 631 829 712 potius
854 651 913 712 per
940 651 1048 694 omnes
1078 630 1191 694 mundi
1220 647 1343 714 partes
1367 655 1394 695 se

297 736 500 800 dillundentis
529 749 562 798 st
583 755 635 798 ess
664 733 811 813 agitantis
832 736 954 796 enimse
973 734 1117 810 (livinae,
1148 735 1223 797 sive
1246 737 1392 812 rationis,

297 842 331 902 iu
355 841 483 903 totidem
508 839 582 902 deus
604 851 806 904 mutaverunt
828 838 895 923 (seu
917 837 1023 918 potius
1043 848 1078 900 ut
1094 835 1236 899 totidem
1259 852 1391 900 naturae

297 954 403 1023 perles
425 941 583 1004 deificatus
604 940 715 1005 divino
737 941 866 1002 numine
886 937 1162 1022 nuncupaverunt)
1184 941 1307 1024 sieque
1331 967 1389 1008 m·

298 1037 478 1126 λυθεὸιητι
495 1055 527 1104 et
542 1044 665 1124 vulgari
686 1042 832 1124 religioni
854 1039 1102 1123 philosophicam
1124 1040 1255 1104 lsrvnm
1278 1043 1387 1105 indue·

297 1157 390 1206 rttnt:
415 1157 449 1207 ut
472 1164 513 1207 ex
532 1146 572 1209 iis
595 1145 697 1210 videri
716 1165 807 1227 posse
823 1143 923 1221 docet,
948 1161 1028 1226 qune
1046 1141 1217 1206 Sallustius
1232 1157 1273 1206 et
1290 1147 1386 1208 ler·

297 1260 392 1310 nutus
407 1248 590 1334 (Cornutus)
612 1249 651 1312 de
667 1251 727 1311 ltus
747 1258 931 1328 argumento
947 1246 1111 1327 scripsere.
1154 1243 1250 1310 idem
1270 1247 1386 1330 slibi')

298 1364 414 1429 mouet,
434 1351 603 1414 secundnm
620 1351 752 1429 Stoicos,
775 1351 876 1412 inesse
897 1349 1015 1410 eunetis
1038 1345 1147 1409 mundi
1168 1350 1327 1428 pertibus
1345 1349 1386 1410 di·

300 1453 439 1516 vinitatis
456 1453 561 1516 rudius
582 1463 760 1535 partesque,
782 1461 814 1512 et
835 1461 920 1514 reete
941 1447 1039 1526 addit,
1061 1449 1121 1511 noc
1142 1469 1183 1511 ex
1201 1449 1280 1531 ipsa
1300 1452 1385 1534 sequi

300 1554 410 1615 mundi
432 1556 551 1633 nnimn,
573 1556 741 1636 nutltisque
763 1553 940 1615 Stoicorum
965 1549 1066 1613 elintis
1088 1563 1234 1614 constare
1242 1597 1254 1631 ,
1279 1567 1314 1616 et
1337 1575 1386 1636 pe·
1430 1578 1434 1601 ¹

300 1658 410 1719 culisti
430 1659 538 1720 libello
561 1681 580 1720 a
602 1671 710 1720 nostro
733 1657 828 1718 luisse
848 1655 992 1717 Gur-nutu
1015 1655 1205 1736 expositum.

231 1754 236 1761 ’
385 1759 446 1838 sic,
469 1761 624 1823 referente
645 1762 777 1824 Albertu
798 1761 924 1837 Magno,
946 1776 1039 1839 quem
1061 1757 1180 1819 Bsilius
1204 1758 1239 1820 in
1263 1766 1385 1844 Spiunzs

300 1861 416 1943 laudnt,
438 1863 617 1926 Alexander
634 1863 805 1944 Epicureus
824 1861 905 1923 dixit
928 1859 1020 1922 deum
1042 1861 1314 1941 aromatarium,
1340 1866 1383 1926 vel

300 1986 452 2030 nonense
475 1979 567 2029 extra
589 1967 710 2048 ipsum,
740 1975 771 2027 et
794 1965 898 2026 omnin
920 1963 1128 2026 essentialiter
1148 1981 1229 2027 esse.
1283 1966 1383 2028 Deum

301 2079 331 2129 et
356 2069 470 2130 lormns
492 2089 558 2130 esse
584 2066 755 2129 nccideutin
776 2066 961 2147 imaginata,
992 2078 1024 2128 et
1046 2087 1110 2127 non
1132 2067 1251 2130 hebere
1276 2091 1382 2132 verens

302 2171 483 2248 ensitstem,
514 2183 544 2232 et
574 2170 646 2232 ideo
668 2169 775 2232 docuit
800 2169 905 2232 omnin
926 2167 1010 2231 idem
1033 2187 1100 2232 esse
1120 2170 1382 2250 substantialiter,

302 2284 333 2333 et
355 2275 437 2332 hune
459 2271 550 2332 deum
572 2271 747 2352 appellavit
766 2270 937 2355 sliqusudu
954 2271 1072 2348 lovem,
1091 2272 1265 2355 aliquando
1287 2279 1382 2358 Apol·

301 2373 407 2450 linem,
432 2385 462 2434 et
485 2371 655 2454 aliquando
677 2371 855 2453 Psllsdem3
876 2385 908 2436 et
930 2373 1046 2434 surmus
1067 2392 1133 2436 esse
1153 2377 1292 2456 peplum
1316 2383 1383 2442 Pni-

302 2473 398 2552 ludis,
428 2485 459 2536 et
484 2486 601 2538 vestem
623 2474 724 2554 lovis,
754 2488 787 2537 et
807 2472 963 2536 neminem
992 2475 1178 2556 sapientium
1206 2480 1318 2544 eiebnr
1346 2483 1380 2544 ad

302 2579 431 2660 plenum
455 2580 595 2642 revelare
619 2597 710 2660 posse
732 2597 784 2655 eu,
814 2596 896 2658 quus
918 2577 1057 2638 latebunt
1079 2581 1137 2641 sub
1159 2585 1259 2663 peplo
1282 2587 1382 2648 Pulla·

180 2755 182 2764 ,
303 2680 351 2742 dis
380 2692 410 2743 et
439 2683 498 2743 sub
528 2693 613 2744 veste
643 2680 735 2744 louis.
782 2677 834 2741 Sic
855 2691 891 2740 et
908 2681 1030 2742 Auctor
1049 2680 1123 2742 libri
1144 2680 1183 2743 de
1205 2687 1330 2751 mundo
1345 2689 1380 2773 ⁵),

302 2781 368 2844 iere
390 2804 514 2864 semper
536 2783 736 2846 Stoicissnnst
767 2779 814 2854 εἷς
835 2781 868 2848 δὲ
891 2776 939 2847 ὥν
969 2775 1001 2864 (0⁸
1026 2775 1129 2864 Zetis)
1153 2781 1381 2872 πολυώνυμός

302 2890 391 2961 ἐστι,
422 2878 738 2968 κατονομαζόμενος
764 2895 834 2958 rute
856 2880 983 2952 πάθεσι
1006 2883 1130 2963 πᾶσιν,
1162 2883 1253 2971 ὅπερ
1277 2887 1381 2965 αὐτός

302 2999 456 3074 νεοχμεῐ,
487 2984 573 3068 quod
602 2985 728 3068 quidem
759 2985 843 3046 inire
871 2985 970 3048 fusius
996 2987 1130 3066 exponit
1157 2999 1187 3048 et
1215 2989 1378 3055 confirmat

302 3088 488 3150 stretoritute
510 3084 640 3168 Orphei,
662 3086 749 3150 cuius
769 3087 891 3167 insigne
912 3087 1021 3148 recitet
1045 3087 1266 3169 fragmentum,
1288 3107 1323 3156 et
1342 3099 1378 3156 eb

302 3190 438 3269 Apuleio
453 3189 499 3274 4),
525 3187 853 3254 Pseudo-Aristotelis
874 3190 1064 3271 interprete,
1087 3204 1118 3253 et
1140 3193 1179 3252 sb
1202 3191 1341 3258 Eusebio
1354 3195 1379 3284 ⁵)

206 3365 212 3376 ,
304 3303 334 3352 et
355 3311 373 3350 u
395 3291 507 3350 Proclo
521 3285 550 3370 6)
572 3289 705 3374 ullisque
726 3291 897 3355 innumeris
919 3305 1087 3369 servatum,
1109 3305 1140 3354 et
1162 3293 1289 3379 dequo
1311 3301 1378 3364 vide

304 3391 567 3453 Esclrenbscltiunt
582 3391 622 3477 ⁷).
665 3395 833 3459 Enimvero
863 3395 941 3457 ltnnc
969 3413 1028 3475 ego
1056 3395 1095 3457 de
1118 3414 1181 3456 unu
1205 3399 1377 3486 eodemque

303 3495 446 3571 numine,
478 3514 532 3556 seu
560 3494 599 3558 de
629 3516 688 3559 stne
711 3498 815 3577 potius
837 3508 949 3558 nutura
975 3496 1149 3558 doctrinam
1172 3517 1236 3561 nun
1260 3503 1377 3568 Stultu-

305 3616 374 3658 rum
398 3597 569 3678 propriam,
591 3597 644 3660 sed
666 3619 706 3660 ex
728 3596 867 3680 Orpheo,
888 3597 945 3682 qui
965 3619 1032 3663 sam
1053 3599 1119 3680 ipse
1141 3601 1308 3684 Aegyptiis
1328 3605 1377 3669 de·

311 3756 587 3769 .——--———-—-

374 3844 404 3911 s)
422 3845 455 3899 Τ.
476 3847 494 3900 t.
514 3867 540 3917 ρ.
557 3850 618 3902 sus.
843 3851 873 3921 n)
890 3853 923 3906 Τ.
941 3851 960 3905 1.
979 3871 1005 3924 p.
1025 3854 1087 3907 sse.

374 3933 403 3997 3)
422 3931 488 4003 Cap.
506 3936 531 3986 Ι.
1094 3967 1099 3978 ·

373 4020 405 4085 Ι)
423 4020 465 4072 De
484 4020 585 4074 mundo
604 4041 630 4094 p.
648 4027 701 4081 153
721 4027 761 4080 ι·(Ι.
781 4025 863 4083 Puris.
883 4031 962 4084 1688.

374 4105 404 4172 5)
422 4106 518 4178 Praep.
537 4127 629 4179 ernng.
648 4113 692 4178 ΙΙΙ,
712 4118 736 4168 9.
756 4135 781 4186 p.
800 4118 852 4171 1⁰⁰
870 4128 896 4170 et
915 4119 976 4169 tut.

375 4194 404 4260 6)
424 4192 453 4246 ln
471 4193 611 4250 Timaeum
631 4216 657 4267 p.
676 4203 719 4256 96.
834 4203 926 4272 ⁴1)De
945 4205 1017 4279 poesi
1036 4201 1155 4276 Orphica
1175 4221 1200 4275 p.
1217 4209 1253 4260 68
1271 4225 1327 4278 sqq.

1442 3026 1444 3148 Ι
