2774 4840
459 297 698 356 -581-

46 473 100 520 sut
121 458 249 522 nonita
277 461 378 522 multo
398 471 470 540 post
493 459 650 538 exstingui
671 471 702 520 et
726 459 851 522 tendem
880 465 979 525 eeriue
1003 455 1127 528 oeidsre

45 562 78 622 in
100 563 235 624 enimam
256 557 365 624 mundi
397 560 542 638 relondi,
574 573 772 645 caeteresque
804 565 937 628 hominis
970 581 1074 646 portes
1094 571 1127 630 in

44 677 176 743 cognata
197 667 351 726 elementa
368 664 474 726 subito
495 675 567 744 post
587 662 821 728 dissolutionem
844 669 970 730 reverti.
1005 672 1128 750 Epicte-

44 778 94 826 tue
116 764 200 846 apud
222 765 389 826 Arrisnuns
409 763 451 846 ¹),
483 779 651 848 postquem
686 766 767 828 dixit
778 805 793 845 ,·
818 787 874 830 nos
903 784 1125 852 postmortem

42 886 81 928 eo
102 867 223 930 roverti
245 866 327 930 unde
342 868 482 930 venienus
503 866 602 951 (quod
615 867 655 930 od
678 871 809 933 verbum
829 873 925 948 hebet
937 875 1127 961 seneca»,

43 971 77 1030 io
100 969 206 1031 elfinie
228 982 260 1032 et
282 983 413 1048 cognata
434 975 595 1048 elemento,
622 973 738 1033 seilicet
760 972 914 1056 quidquid
946 989 992 1038 est
1017 977 1049 1038 in
1072 999 1127 1040 no·

43 1074 91 1134 bis
111 1073 238 1152 igneum
259 1073 291 1134 in
313 1075 434 1152 ignem,
461 1072 615 1155 quidquid
645 1086 793 1136 terrestre
814 1077 848 1136 in
872 1089 1005 1156 terreor,
1036 1082 1128 1162 quid·

42 1173 122 1256 quid
144 1173 249 1236 flebile
270 1175 304 1236 in
324 1185 414 1254 nere,
447 1173 602 1258 quidquid
624 1176 777 1238 tumidum
800 1179 833 1238 in
860 1200 973 1262 equom
995 1185 1126 1246 reverti:

44 1282 93 1349 ele
124 1270 165 1341 τοί
201 1278 280 1358 olio
308 1279 362 1343 sel
386 1278 548 1362 συγγενῆ,
580 1280 629 1349 ele
650 1272 691 1342 τιί
727 1293 891 1366 στοιχεῖα,
921 1278 1002 1348 ὅσον
1022 1275 1066 1367 ἦν
1090 1292 1127 1353 ἕν

43 1401 96 1445 σοι
130 1379 204 1462 πῦρ
232 1383 280 1452 τίς
309 1380 379 1462 πῦρ
411 1373 566 1454 ἄπαισιν,
599 1373 680 1465 ὅσον
708 1368 753 1458 ἦν
779 1379 897 1463 γηδίου
930 1385 979 1456 sle
999 1382 1127 1468 γήδιον,

42 1476 126 1548 ὅσον
147 1481 361 1563 πναοιιατίσν
384 1483 431 1550 ele
460 1473 687 1560 πνευμάτων,
708 1475 789 1546 ὅσον
811 1475 954 1550 siderion
973 1489 1022 1560 ele
1042 1480 1128 1551 sidol-

42 1604 133 1649 τιον.
174 1583 256 1644 Hinc
278 1583 321 1644 eie
343 1581 461 1660 colligit
486 1579 586 1658 igitur
604 1580 711 1642 Plelo:
733 1584 838 1644 nullus
860 1584 1019 1662 Acheron,
1054 1588 1128 1648 nul·

43 1686 94 1746 lns
123 1685 271 1768 Cocytus,
302 1704 405 1767 neque
430 1683 643 1761 Phlegethon:
674 1678 782 1758 οὐδεὶς
797 1682 918 1777 ᾍδης,
939 1679 1010 1752 οὐδ’
1029 1678 1127 1774 Ἀχί-

41 1811 127 1870 ρνιν,
148 1782 227 1856 ov’dl
251 1780 421 1861 Κανατὸσ,
442 1779 521 1851 οὐδὲ
549 1781 821 1870 Πυριφλαγσθών.
862 1786 955 1850 Unde
970 1789 1127 1868 eleganter

42 1890 222 1951 Antoninos
246 1888 295 1973 ⁵)s
323 1882 518 1957 ὁθσίνατοα
536 1887 705 1968 ,τοιοῦτος
726 1884 800 1953 οἷον
823 1889 969 1972 γένεσις,
997 1883 1127 1973 φύσιας

42 1989 239 2075 μυστήριον·
272 1988 440 2075 σύγκρισις
460 1993 495 2054 iu
518 1989 585 2052 τών
607 1980 719 2056 αὐτῶν
747 1988 916 2077 στοιχείων
937 1995 986 2063 ele
1006 1983 1127 2058 ταύτά.

42 2093 85 2154 Et
107 2092 156 2177 4):
177 2095 233 2158 ἐπί
256 2093 339 2158 πᾶσι
361 2090 396 2156 di·
418 2083 481 2156 τὸν
507 2086 661 2154 θάνατον
683 2090 757 2177 ἵλεῳ
780 2091 824 2175 τῇ
843 2087 963 2178 γνώμῃ
985 2093 1125 2174 περιμέ-

43 2219 152 2262 νοντα
175 2187 218 2268 oie
239 2186 337 2260 ov’dlv
360 2188 441 2258 ἄλλο
466 2186 488 2274 ἢ
510 2188 693 2264 inicientis·
716 2191 884 2278 στοιχείων
894 2239 906 2270 ,
925 2198 958 2269 ἐξ
978 2183 1025 2258 ὧν
1047 2203 1128 2260 ἕνα·

40 2319 124 2361 σαον
149 2295 230 2376 §vioe
252 2292 484 2377 συγκρίνεται,
515 2290 568 2351 ubi
591 2290 677 2352 sides
709 2311 780 2352 suns
801 2309 928 2354 monere
950 2295 1021 2356 ideo
1044 2315 1126 2358 mor·

42 2411 107 2460 tens
126 2415 235 2458 escuro
267 2396 372 2457 animo
400 2391 624 2474 expectendum
655 2411 738 2464 esse,
767 2413 837 2454 eum
866 2394 946 2456 nihil
974 2396 1059 2460 eliud
1086 2400 1126 2460 sit

40 2517 137 2580 quem
166 2496 328 2561 dissolutio
360 2499 599 2572 elementorum,
632 2515 672 2556 ex
703 2495 818 2576 quibus
851 2517 947 2560 unum
978 2499 1125 2582 qnodque

40 2599 160 2661 animal
181 2611 310 2662 constet.
363 2597 449 2660 idem
479 2598 650 2676 imperator
672 2594 787 2658 diserte
814 2594 889 2659 dicit
913 2597 960 2682 ⁵),
992 2605 1127 2664 Alexan·

41 2703 137 2764 druos
158 2703 204 2764 M.
226 2714 257 2764 et
279 2703 346 2764 eine
367 2701 537 2762 mulionem
558 2710 699 2759 mortuos
721 2695 760 2759 sd
785 2695 868 2760 idem
889 2700 1047 2780 recidisse,
1067 2704 1127 2764 eci·

39 2809 116 2868 lieet
138 2805 172 2866 in
192 2803 275 2866 idem
299 2813 442 2883 receptos
464 2801 559 2862 inisse
575 2813 707 2864 naturae
724 2799 940 2864 seminarium:
968 2799 1126 2881 Ἀλέξαν-

40 2908 119 2990 δροτ
144 2903 162 2972 ὁ
186 2901 350 2973 Μαιαδιίν
372 2905 428 2970 stol
459 2899 647 2988 όριαιιὸμοα
675 2896 784 2969 αὐτοῦ
814 2896 1055 2977 ἀποθανόντας
1079 2911 1127 2980 τίς

38 3004 151 3075 ταύτὸ
173 3008 390 3092 κατέστησαν·
413 3001 491 3088 ἢτοι
509 3001 574 3091 γὰρ
598 2999 797 3088 ἐλήφθησαν
819 3005 867 3076 εἰς
888 2997 971 3079 τοὺς
1001 3002 1127 3081 αὐτούς

37 3110 104 3176 τοῦ
124 3103 253 3191 αόσμσα
272 3103 521 3194 σπαρμστιιιοαίτ
543 3108 673 3194 λόγους.
717 3107 757 3168 Et
779 3105 911 3190 elibi⁶):
933 3107 1040 3190 βλέπε
1061 3106 1126 3176 πό-

37 3237 96 3277 σοι
118 3208 338 3294 σίνσλύθηοσν
369 3214 418 3283 eie
439 3206 481 3276 τοί
516 3221 672 3296 στοιχεῖα.
727 3206 812 3270 idern
846 3206 936 3270 docet
952 3207 1004 3291 ⁷),
1034 3229 1125 3272 omne

39 3314 203 3376 materiale
227 3323 450 3392 postmortem
472 3311 506 3372 in
529 3310 666 3371 universi
688 3310 891 3374 eubstsntiarn
914 3332 1007 3393 quam
1030 3314 1126 3377 celor-

37 3417 120 3478 rime
141 3415 312 3491 absorberi,
334 3415 454 3474 causele
477 3424 581 3473 eutem
602 3409 649 3495 (id
674 3425 737 3488 est,
758 3412 909 3497 animum)
930 3415 964 3476 in
987 3417 1125 3478 universi

39 3517 206 3593 rationem,
227 3535 283 3578 seu
304 3513 413 3576 mundi
435 3525 569 3576 mentem
592 3531 656 3574 non
681 3514 783 3575 nsinus
806 3515 868 3578 rito
890 3517 1035 3580 refundis
1054 3521 1126 3586 πᾶν

38 3617 84 3688 τὸ
108 3622 228 3688 ἔναλον
248 3617 487 3702 ἐναφανίζιται
506 3610 647 3700 τάχιστα
668 3614 712 3700 τι]
734 3617 802 3680 ταῖν
822 3613 909 3685 ὅλων
930 3613 1034 3704 ου’σίᾳ·
1070 3621 1125 3684 ναί

40 3723 116 3788 πᾶν
136 3722 247 3788 αἴτιον
270 3724 318 3792 ele
339 3712 400 3784 τὸν
421 3720 486 3784 τῶν
516 3716 602 3782 ὅλοιν
629 3713 731 3798 λόγον
751 3713 894 3804 τάχιοτα
918 3715 1126 3804 ἀναλαμβά-

38 3845 150 3888 νεται.
192 3821 294 3901 Supra
324 3818 506 3901 dixeret⁸)‚
539 3839 571 3879 ee
599 3828 740 3878 constare
770 3838 809 3878 ex
838 3819 971 3897 neuseli,
1008 3817 1039 3880 id
1069 3832 1125 3894 eet,

40 3968 58 3976 ο-
87 3967 326 3976 ---————-—

116 4037 145 4104 ι)
164 4038 230 4090 nto.
246 4041 290 4104 ιιι,
309 4040 351 4091 ιι.
372 4058 396 4108 p.
416 4039 484 4090 ste.
556 4037 587 4102 α)
607 4034 688 4104 Epist.
703 4039 746 4088 ιο.
861 4038 892 4102 e>
910 4034 958 4103 ιν,
976 4041 1001 4092 e,

114 4126 144 4192 ι)
164 4129 196 4188 ιι,
213 4131 255 4180 ιι,
327 4127 481 4194 overe.
553 4124 702 4188 o)tv,sr.
762 4125 927 4191 ι)νιι,ισ.
982 4126 1123 4194 s)v,13.
