2972 4836
707 301 854 344 --xn
904 317 946 328 .-

286 475 460 550 nunquam
487 446 761 546 conspirantem,
787 449 846 550 qui
878 477 908 523 r.
934 477 965 523 c.
993 443 1120 530 αὐτοῖς
1145 474 1174 522 c.
1198 449 1242 534 5,
1269 446 1370 545 quod

284 551 521 652 reponendum
542 565 624 635 erat,
649 549 714 623 soli
738 550 909 625 exhibent.
960 549 1022 622 His
1042 547 1248 648 praestantia
1271 548 1370 619 haud

285 655 465 728 inferiores
488 651 635 753 putandi
653 651 867 727 Oxonienses
895 669 927 726 et
953 650 1009 724 atii
1033 651 1188 739 sortasse,
1213 677 1284 723 non
1306 677 1370 723 ac·

285 772 401 831 curato
432 755 553 828 nobis
570 754 717 850 cogniti,
749 755 852 829 veluti
878 752 1081 829 Barocciaxri
1111 752 1254 852 qnidam
1286 779 1369 826 curn

284 856 437 930 Venetis.
489 854 720 930 Galeanorunr
742 858 863 944 MSS„
888 872 971 958 puta
998 855 1267 940 oxoniensium,
1292 853 1369 925 sin-

285 958 438 1056 gularem
465 957 621 1032 advertas
646 985 724 1032 cum
756 961 833 1033 Patr.
860 963 884 1031 2
914 956 1171 1055 congruentiam
1201 957 1237 1028 in
1264 954 1370 1028 addi-

284 1077 433 1134 tamento
460 1058 611 1161 quodam
636 1059 747 1133 alieno
772 1089 802 1134 c.
819 1063 853 1134 9.
877 1087 909 1160 p.
932 1061 1006 1132 150
1028 1075 1106 1159 post
1127 1089 1156 1132 v.
1175 1086 1370 1164 προσαγο.

308 1158 446 1244 rueras
509 1163 619 1234 Porro
654 1187 694 1235 ex
730 1177 802 1235 tota
832 1161 962 1262 reliqua
1000 1160 1157 1234 codicum
1190 1160 1369 1256 sartagine

284 1195 535 1336 fiisccrnendus
554 1286 645 1336 unus
667 1264 770 1338 Laur.
789 1267 823 1350 1,
849 1263 963 1362 utqui
989 1261 1082 1336 solus
1105 1290 1134 1336 c.
1155 1265 1212 1334 12.
1237 1289 1271 1362 p.
1289 1261 1370 1334 154

286 1365 453 1452 exhibent,
480 1391 569 1464 qnae
595 1364 745 1438 averbis
771 1365 830 1447 ἔτι
858 1392 967 1465 usquc
993 1365 1037 1436 ad
1062 1356 1238 1460 δαίμονάς
1259 1393 1370 1445 τινας

285 1466 463 1564 leguntur:
489 1465 615 1566 quibus
639 1484 677 1539 ut
701 1464 857 1554 efficitur,
882 1482 921 1538 ut
943 1467 1063 1540 ceteris
1089 1465 1249 1538 omnibus
1273 1465 1367 1536 Lau·

285 1566 449 1640 rontianis
477 1566 534 1638 illc
561 1583 668 1640 aetate
693 1569 862 1641 recentior
885 1584 1042 1667 putetur,
1071 1567 1117 1639 ita
1143 1593 1249 1667 Qum
1275 1593 1367 1666 quae

332 1685 363 1741 st
383 1667 486 1740 verba
509 1658 686 1767 δαίμονάς
704 1697 812 1752 τινας
832 1668 877 1740 ad
899 1668 1001 1741 finem
1025 1695 1133 1768 usque
1158 1667 1281 1767 capitis
1301 1667 1368 1741 ad-

284 1695 466 1857 iiciuntur,
498 1783 576 1841 tam·
595 1769 638 1843 ab
662 1769 853 1870 hocquam
880 1798 900 1842 a
924 1771 1046 1844 ceteris
1070 1769 1171 1844 codd.
1195 1791 1366 1869 respuan-

284 1891 350 1961 tnr,
369 1872 475 1943 ‘etiam
495 1871 665 1945 recentius
686 1898 728 1943 eo
754 1889 888 1972 oportet
907 1870 1013 1945 fuisse
1037 1871 1226 1972 exemplum
1249 1870 1296 1957 id,
1323 1899 1366 1944 ex

284 2001 370 2074 quo⁴
382 1973 531 2072 primum
551 1973 707 2046 ⁴Cornuti
723 1991 911 2048 contextus
944 1975 1035 2078 typis
1068 1973 1260 2073 descriptus
1288 1972 1366 2046 finit.

285 2079 418 2148 Rursus
440 2075 586 2146 [ΜΩ
610 2092 650 2147 et
666 2075 774 2147 Paris.
798 2077 815 2147 1
832 2075 1057 2174 aliquatenus
1076 2101 1120 2148 eo
1143 2075 1362 2164 conveniunt,

283 2175 379 2276 qood
399 2203 427 2250 c.
448 2173 508 2247 u'it.
531 2202 564 2273 p.
583 2175 661 2247 234
682 2175 787 2248 hic-r.
810 2177 1054 2266 ἑπιθεῃκῶς,
1077 2176 1132 2250 itte
1158 2207 1188 2250 r.
1209 2177 1364 2277 proxime

282 2275 507 2376 praecedente
531 2268 738 2380 φροντίδων
763 2276 942 2350 desinente

360 2376 648 2466 Commentarios,
677 2377 724 2459 ad
748 2405 835 2478 qxros
856 2397 1011 2468 transeo,
1040 2379 1075 2451 iu
1100 2379 1241 2453 Cornuti
1265 2378 1364 2452 tibet-

283 2477 355 2551 inm
381 2479 608 2578 amplissimos
633 2479 892 2579 conscripturus
913 2480 1123 2556 Villoisonus
1147 2481 1213 2555 hoc
1237 2497 1364 2578 egerat,

282 2598 320 2654 nt
343 2580 495 2678 legendis
521 2580 631 2652 omnis
656 2582 791 2676 generis
816 2600 849 2656 et
872 2582 999 2656 aetatis
1017 2583 1246 2682 scriptoribus
1269 2583 1363 2656 Lati-

283 2682 338 2755 nis
374 2683 502 2783 pariter
538 2709 577 2754 ac
609 2682 752 2756 Graecis
785 2709 905 2756 omnes
935 2710 992 2756 eos
1025 2683 1120 2758 iocos
1149 2686 1184 2756 in
1218 2685 1363 2759 'schedas

283 2785 435 2872 referret,
464 2783 524 2884 qui
552 2783 597 2856 ad
624 2783 825 2858 illustranda
852 2786 995 2859 Cornuti
1022 2784 1072 2858 vel
1098 2787 1200 2859 rerba
1226 2785 1276 2859 rel
1306 2813 1361 2858 ar-

283 2904 444 2984 gumenta
461 2885 506 2959 aii
533 2903 675 2960 uatenus
696 2886 867 2986 pertinere
884 2887 1090 2960 riderentur.
1141 2889 1234 2961 Haec
1256 2913 1363 2988 quum

284 3015 361 3061 nnn·
377 2988 444 3062 aiio
464 2913 586 3062 oriine
604 2987 731 3064 chartis
752 2989 914 3064 mandata
939 3007 1049 3063 essent
1071 3015 1173 3087 quarn
1196 3015 1265 3087 quo
1287 2989 1362 3087 ipse
1439 3004 1446 3024 ¹

284 3089 467 3189 scriptores
496 3091 661 3191 deinceps
683 3091 811 3189 legerat
833 3110 865 3165 ct
892 3107 1121 3192 asumpserat,
1146 3089 1293 3164 confusa
1310 3088 1363 3162 lo-

282 3217 401 3265 corum
416 3191 669 3290 'parallelorum
694 3208 726 3264 et
755 3171 1089 3268 animativersionum
1117 3191 1223 3266 moles
1247 3191 1361 3279 evasit,

283 3321 305 3366 a
340 3319 392 3369 me
428 3291 564 3366 demum
598 3291 803 3391 digerenda,
841 3292 947 3368 etita
979 3294 1118 3394 quidem
1145 3311 1184 3366 ut
1212 3294 1359 3393 primurn
1449 3285 1450 3295 ¹

284 3394 448 3482 rescissis,
469 3393 595 3466 deinde
613 3423 650 3468 ex
668 3391 791 3468 ordina
810 3409 985 3469 contextus
1000 3393 1090 3468 inter
1108 3421 1144 3468 se
1165 3395 1358 3495 compositis

284 3495 428 3593 singulis
454 3496 609 3583 schedis,
640 3523 727 3596 quae
753 3513 850 3569 antea
878 3499 1023 3596 sparsim
1051 3497 1212 3570 adnotata
1242 3513 1359 3584 essent,

283 3598 399 3674 omnia
425 3623 518 3670 nuno
541 3598 635 3670 iuxta
659 3597 770 3697 posita
792 3613 823 3671 et
845 3598 966 3672 ordine
993 3615 1157 3698 quantum
1183 3598 1257 3670 fieri
1280 3625 1357 3697 pos·

285 3716 334 3773 set
360 3701 451 3772 insto
474 3698 655 3771 coniuncta
683 3727 791 3771 unum
816 3700 882 3773 snb
906 3718 1125 3799 conspertum
1155 3699 1356 3773 collocaren-

285 3819 350 3876 tur.
401 3801 451 3872 Ea
477 3815 515 3871 ut
542 3801 687 3873 maxime
715 3801 863 3874 taediosa
890 3801 992 3875 officii
1020 3802 1085 3874 mei
1111 3827 1192 3901 pars
1220 3820 1253 3876 et
1280 3825 1355 3873 onc-

287 3929 364 3973 rosa
394 3901 469 3988 suit,
493 3901 540 3974 itu
564 3929 635 3975 non
662 3902 772 4004 potuit
798 3929 867 3976 non
893 3929 957 4002 pro
985 3905 1033 3978 rei
1060 3903 1256 3976 conditione
1276 3901 1355 3987 fieri,
1441 3957 1442 3961 ,

288 4001 370 4103 quin
385 4001 635 4100 ‘commentarii
657 4005 702 4078 ita
726 4003 870 4078 confecti
895 4005 1109 4080 etiamnunc
1135 4005 1231 4077 rudis
1254 4029 1354 4106 paene
1439 4009 1441 4096 ἶ

283 4099 388 4179 »molis
409 4102 554 4202 speciem
575 4107 871 4205 praeseferrent,
892 4108 927 4179 io
951 4105 1077 4207 quibus
1100 4105 1201 4180 multa
1223 4107 1351 4206 quidem

288 4206 422 4302 egregio
446 4205 534 4278 dicta
561 4225 593 4279 et
618 4223 695 4306 apte
721 4207 810 4282 inter
835 4235 872 4281 se
897 4207 1018 4282 coliata
1044 4208 1269 4307 reperiuntur,
1293 4205 1349 4280 aiio
1437 4229 1438 4295 t
