2990 4838
695 365 738 379 .-
788 353 930 396 m,-

274 497 462 573 Villoituno
487 498 582 574 fuere
608 499 776 600 quaedam
791 497 1058 604 Wy'ttenbacbii
1076 498 1292 574 coniecturae
1312 500 1349 573 in

273 602 475 688 Cornutum,
499 627 585 700 quas
602 601 894 703 unde'acceperit,
913 617 1028 675 utrum
1049 600 1250 674 abauctore
1268 629 1347 676 cnm

179 787 186 798 ¹
272 704 349 802 ipso
373 703 651 792 communicatas,
676 731 719 776 an
747 703 814 778 alio
840 703 991 804 quodam
1010 703 1250 791 intercedente,
1276 731 1347 777 non

272 800 485 900 significavit.
535 804 593 876 Ad
619 805 680 878 bas
707 807 824 906 copias
849 804 1039 880 Villoisonu
1065 785 1209 905 insuper
1231 832 1348 878 acces-

273 922 392 980 serunt
415 905 583 980 variantes
610 907 728 996 MSS,
767 935 854 1008 pros
881 908 1033 980 Cornuto
1059 905 1194 980 edendo
1220 905 1349 980 Galeus

273 1007 430 1082 adhibuit
449 1034 663 1107 quorumque
681 1009 709 1082 is
729 1011 906 1097 rationem,
927 1009 1022 1108 quud
1041 1008 1239 1096 dolendum,
1258 1009 1348 1082 insto

274 1110 385 1184 rarius
411 1135 474 1184 nec
500 1108 566 1182 nisi
594 1111 705 1185 obiter
729 1111 860 1198 reddit,
885 1135 997 1210 neque
1023 1109 1107 1197 boc,
1139 1129 1177 1184 ut
1204 1111 1348 1200 videtur,

274 1210 451 1307 diligentia
478 1236 518 1282 ea
544 1239 612 1310 qua
637 1239 702 1312 par
725 1211 808 1300 suit,
841 1213 888 1286 ita
921 1229 960 1285 nt
989 1227 1117 1286 certum
1152 1211 1195 1284 de
1230 1239 1348 1286 eorum

273 1311 418 1386 lectione
444 1312 564 1411 quovis
598 1313 674 1387 loco
700 1313 865 1388 iudicium
891 1313 973 1386 ferri
1004 1331 1159 1413 nequeat.
1210 1313 1348 1409 Quibus

275 1440 353 1490 vero
380 1441 462 1488 usne
488 1413 571 1500 luit,
597 1415 633 1489 bi
659 1433 757 1490 sunt:
1019 1419 1023 1426 ’

325 1516 532 1590 Oxoniensis
555 1547 599 1604 a,
637 1518 695 1616 qni
723 1533 886 1616 qnantum
920 1543 958 1588 ex
987 1514 1084 1588 Galei
1109 1531 1190 1588 nota
1216 1542 1251 1614 p.
1270 1515 1349 1589 234

376 1618 616 1712 cognovimus,
641 1634 841 1691 numeratur
869 1621 952 1690 125.
1004 1621 1007 1630 ⁴

325 1717 532 1792 Oxouiensis
558 1717 607 1812 β,
644 1719 702 1818 qui
738 1719 862 1793 desinit
896 1715 1100 1804 c.19lin.,
1140 1744 1180 1788 v..
1202 1715 1346 1790 Galeunt

318 1845 533 2008 ,Oxiiniensis
560 1921 677 1994 tertius
701 1920 851 2022 quidam,
877 1936 1083 1994 cremorstos
1102 1945 1121 1990 a
1142 1917 1249 1990 Galeo
1273 1935 1350 1990 tan·

376 2039 458 2111 tum,
485 2023 514 2096 si
539 2022 625 2096 bene
646 2025 795 2111 memini,
818 2025 851 2095 in
868 2023 980 2096 Praei.
996 2039 1027 2094 et
1044 2019 1088 2092 ad
1106 2019 1179 2093 init.
1197 2019 1349 2092 Cornuti.

325 2124 556 2213 Placentinus,
569 2127 666 2198 cuins
681 2127 833 2198 meminit
847 2123 933 2198 Gale
946 2124 1017 2196 init.
1024 2121 1180 2208 Cornuti,
1197 2149 1225 2194 o.
1233 2122 1283 2194 24
1291 2120 1349 2194 fin.

258 2221 264 2234 '
378 2242 411 2296 et
443 2253 471 2298 c.
495 2230 555 2298 35.
578 2253 614 2324 p.
637 2227 715 2300 234
742 2226 787 2299 ed
813 2223 988 2321 Κλύμιος
1010 2241 1042 2296 et
1067 2219 1349 2321 βουλευόμενον.

325 2325 424 2396 Ravii
451 2325 575 2398 Codex.
627 2330 665 2399 V.
691 2326 777 2399 Gale
804 2325 848 2400 ad
875 2327 946 2400 init.
973 2325 1127 2401 Cornuti.

328 2426 530 2515 Vaticanus,
564 2427 660 2502 cuius
692 2429 844 2502 meminit
872 2428 892 2502 Ι.
914 2428 1024 2501 modo·
1044 2428 1144 2500 citato
1171 2442 1203 2496 et
1228 2423 1350 2510 Praei,

379 2543 411 2599 et
438 2528 528 2616 binc,
554 2546 590 2602 ut
617 2546 711 2630 puto,
735 2529 925 2604 Larcberus
951 2529 995 2602 ad
1016 2529 1128 2630 Etym.
1149 2527 1197 2598 tt.
1219 2550 1254 2626 p.
1273 2523 1349 2601 214

375 2647 454 2728 post
480 2630 656 2706 Orionem.

293 2751 297 2756 '
329 2729 474 2833 Gyraldi
495 2732 618 2820 codex,
646 2732 779 2832 dequo
807 2762 837 2806 v.
864 2757 951 2832 quae
975 2728 1184 2804 Villoisonus
1206 2727 1240 2802 in
1263 2728 1350 2800 Pro·

376 2829 561 2929 legomenis
587 2833 706 2908 attrrlit.

273 2949 404 3024 Horum
428 2952 584 3025 codicum
608 2950 741 3051 priores
765 2947 885 3024 ambos
914 2947 1139 3036 Oxonienses,
1164 2973 1250 3046 quos
1278 2929 1349 3016 unu

272 3053 476 3154 compendio
506 3061 622 3130 Onon.
649 3051 773 3127 aslerre
798 3050 902 3137 soleo,
929 3047 1057 3122 Galeus
1082 3048 1152 3122 sere
1176 3045 1269 3118 solos
1295 3045 1350 3116 di-

267 3151 435 3248 ‘ligentius
454 3155 623 3240 adhibuit,
644 3154 709 3230 scd
730 3156 774 3228 ita
798 3171 836 3228 nt
858 3151 1022 3251 potiorem
1048 3166 1176 3224 tantum
1199 3146 1349 3245 scriptu-

161 3295 175 3310 ·
276 3279 333 3324 rae
360 3255 621 3354 discrepantiam
649 3255 837 3342 adnotarit,
868 3269 900 3325 et
923 3251 1071 3325 subinde
1096 3266 1164 3324 tarn
1193 3246 1350 3322 obscuris

276 3369 305 3424 et
334 3353 505 3450 ambiguis
528 3355 651 3443 verbis,
680 3371 717 3426 ut
741 3355 825 3455 quid
849 3371 938 3425 unns
965 3352 1087 3426 alterve
1112 3377 1227 3423 revera
1253 3351 1351 3436 serat,

275 3453 309 3526 in
347 3454 454 3527 dnbio
489 3454 719 3558 relinquatur,
755 3452 800 3530 ila
837 3471 873 3527 ut
907 3469 997 3526 totus
1032 3453 1088 3526 bic
1121 3451 1218 3526 Galci
1253 3451 1351 3524 labor

277 3557 550 3634 Westermanno
574 3558 594 3632 l.
611 3557 631 3634 l.
658 3587 691 3658 p.
707 3578 770 3631 xvt
797 3555 891 3632 baud
917 3555 1084 3630 immerito
1106 3553 1257 3644 „inutilis
1282 3553 1351 3626 lar-

275 3659 377 3755 ragu”
404 3659 530 3734 audiat.
568 3662 729 3760 insuper
755 3659 928 3734 Eudociae
955 3655 1161 3745 Violarinor,
1197 3655 1240 3730 ab
1273 3655 1351 3754 ipso

274 3762 423 3862 primum
452 3762 598 3851 editum,
634 3763 728 3863 quod
759 3761 863 3836 multa
895 3785 934 3830 ex
960 3759 1112 3830 Cornuto
1139 3756 1350 3830 adverbum

275 3863 444 3966 descripta
470 3863 635 3937 contineri
658 3862 882 3946 intellexerat,
909 3858 945 3931 id
970 3857 1186 3958 quodetiam
1214 3858 1352 3930 Bestius

275 3961 403 4036 Comm.
431 3963 601 4064 palaeogr.
627 3991 660 4064 p.
682 3967 757 4038 750
782 3965 1036 4052 observaverat,
1064 3960 1271 4033 Villoisonus
1298 3957 1351 4030 in-

277 4076 327 4134 ter
352 4061 506 4140 subsidia
534 4067 671 4142 babuit:
697 4090 766 4165 quo
793 4090 896 4165 quum
924 4061 1033 4134 rarius
1058 4089 1134 4137 eunt
1157 4058 1353 4160 irprrm'essc

278 4161 590 4252 animadverterem,
616 4167 781 4267 potiorem
808 4166 881 4238 eius
908 4163 1111 4252 varietatem,
1136 4163 1194 4246 ubi
1222 4161 1354 4261 aliquid

278 4263 447 4340 commodi
482 4265 606 4341 allerre
638 4267 829 4355 videretur,
870 4262 1051 4360 diligenter
1088 4263 1351 4338 adscribendam
