2818 4860
448 347 683 406 -461-

102 511 235 576 Horum
257 521 289 572 at
310 511 495 592 praecorum
517 511 694 576 Stoicorum
718 509 757 574 de
778 509 880 574 anima
905 529 1055 592 corporea
1076 525 1109 576 et

1 613 102 674 tie'rin
131 615 317 695 opinionem
344 635 385 676 ex
404 625 494 694 perte
516 627 638 678 secutae
659 627 706 676 eet
726 613 937 676 Tertullianus
953 612 997 698 ¹):
1027 639 1109 699 quem

1 723 102 793 'gitur
133 721 224 780 olium
253 725 367 780 ammae
393 721 553 780 acetbnobrlr
578 722 714 793 colorem,
743 740 830 800 quam
855 723 962 780 αένίιιηι
988 729 1015 778 ct
1039 720 1109 779 luci·

1 821 114 881 dum?
144 841 202 882 nan
220 834 253 883 nt
272 825 326 882 aii·
348 825 384 880 ait
408 825 473 900 upra
498 822 656 882 reboantia
682 827 755 896 diss,
783 827 836 882 etsi
853 821 907 880 bac
927 821 1108 882 Aenesidemo

1 927 106 982 uisum
127 935 172 984 eet
187 936 214 984 ct
232 925 416 990 Arrcur'meru',¹
439 933 471 982 et
489 919 605 982 ibidem
625 935 733 984 narrat
751 923 931 1003 calculoque
949 939 1007 983 auc
1026 940 1109 984 com·

1 1023 139 1100 probet
162 1023 265 1086 vinum
288 1023 487 1086 mulierculae
509 1024 680 1100 obiectum,
712 1045 792 1106 quae
817 1025 950 1084 animem
972 1023 1033 1084 eibi
1053 1043 1108 1104 ep-

1 1125 168 1202 paruieae
188 1125 234 1188 eie
252 1127 423 1188 relerabotc
445 1133 516 1190 rma
535 1140 630 1190 cetera
650 1139 760 1190 auaua
779 1139 819 1190 eet
839 1129 908 1188 ruald
926 1133 1023 1186 amara
1045 1147 1109 1188 cor*
1210 1169 1215 1176 -

1 1231 171 1305 penaliter,
191 1242 218 1294 ct
238 1236 352 1310 aptum
370 1231 531 1301 οἰόοόαἰυνς
552 1232 604 1291 scd
623 1251 678 1290 nou
697 1236 787 1292 inacus
805 1242 832 1292 ct
854 1249 963 1290 vacuae
984 1231 1109 1310 qualito-

2 1336 69 1400 tr's;
104 1337 194 1393 imtuo
220 1355 295 1414 quac
323 1337 407 1394 etiam
435 1337 524 1394 teneri
549 1338 765 1413 repromitteret,
795 1345 891 1394 terrem
913 1340 941 1390 et
963 1331 1060 1392 lucilia
1082 1341 1109 1392 et

7 1437 97 1494 aerii
116 1434 219 1494 catara
231 1431 271 1516 ²).
320 1433 454 1495 Proreus
478 1432 579 1496 Stoice
606 1445 709 1496 nutem
737 1431 776 1494 de
802 1429 908 1494 subtili
935 1428 1107 1492 animarum

9 1551 162 1612 corpore
184 1545 216 1594 et
238 1533 277 1596 de
298 1522 403 1596 earum
426 1533 459 1596 iu
482 1532 592 1612 deum,
613 1533 695 1596 uude
720 1535 877 1614 proiectae
898 1532 1039 1610 luerent,
1060 1551 1110 1594 re·

12 1634 174 1696 venelone
196 1634 240 1697 aie
259 1637 402 1717 loquitur
424 1639 542 1698 Auctor
562 1637 686 1700 Indicos
708 1639 792 1717 llegn
812 1635 936 1701 Vedcm
951 1635 997 1719 ὃ).
1015 1635 1109 1713 „Vie-

14 1755 88 1798 nou
117 1735 217 1798 crioit
243 1733 299 1798 dee
325 1736 491 1817 particulae
513 1737 553 1799 de
574 1759 607 1800 ea
629 1759 746 1819 propre
767 1741 929 1802 eubetance
949 1739 996 1798 lea
1016 1757 1109 1815 amec,

15 1840 211 1919 auxquellee
239 1839 265 1900 il
290 1837 423 1900 donnoit
452 1837 582 1900 d'nbord
609 1839 663 1901 dcc
689 1859 780 1920 corpe
808 1841 871 1902 lert
896 1839 1025 1918 subtile;
1055 1859 1110 1902 en·

18 1940 108 2002 etrite
129 1941 154 2000 il
175 1941 221 2000 len
242 1939 373 2016 joignoit
395 1959 470 2001 avec
490 1937 624 2002 d’autree
642 1961 732 2020 corpe
752 1941 815 2004 fort
836 1941 931 2021 epate.
974 1941 1020 2006 La
1037 1943 1110 2004 ecb-

17 2056 131 2104 alance
156 2039 194 2102 de
216 2041 306 2101 l’amc
328 2051 359 2100 ct
381 2041 411 2100 la
431 2040 659 2118 condolescere,
681 2042 793 2123 qu'ellc
815 2064 843 2118 a,
868 2064 908 2104 ne
930 2054 1001 2104 eont
1021 2053 1109 2106 outre

19 2146 130 2218 chose,
152 2161 215 2224 que
229 2143 351 2204 Vienou
370 2143 550 2219 lui-meme,
571 2155 602 2204 et
624 2141 643 2204 l
664 2145 694 2205 ln
715 2144 759 2206 fin
780 2144 819 2208 de
840 2147 871 2206 le
893 2141 1028 2206 carrilre
1048 2145 1108 2204 elle

19 2257 135 2306 rentre
160 2243 236 2306 deut
257 2245 408 2307 Vienou.”
829 2253 833 2262 '

115 2349 157 2410 At
180 2365 258 2409 vero
280 2348 455 2410 Stoicorum
480 2347 573 2422 deue,
600 2348 742 2429 quemvis
763 2367 948 2429 corporeae,
975 2351 1109 2410 bumana

25 2465 133 2512 tamen
157 2467 221 2510 non
248 2431 420 2529 praeditua'
434 2463 502 2512 erat
528 2451 637 2511 lorme.
679 2450 821 2512 Laertius
834 2450 864 2534 4)
885 2471 994 2512 eorum
1016 2449 1108 2513 deum

28 2573 94 2616 non
123 2571 188 2614 ecee
217 2546 519 2637 ἀνθρωπόμορφον
539 2550 655 2612 diaerte
677 2550 768 2612 dicit:
797 2553 831 2613 iu
858 2571 922 2634 quo
949 2552 1110 2632 Epicureis

29 2693 307 2708 m

103 2787 134 2854 l)
152 2785 194 2839 De
213 2787 301 2840 anime
321 2805 343 2839 c.
363 2786 389 2842 9.
407 2805 434 2858 p.
451 2789 513 2840 tto.

104 2877 135 2944 2)
153 2875 252 2928 ibidem
280 2875 352 2928 addit
375 2873 572 2938 Tertullianus,
602 2872 672 2926 hacc
700 2874 817 2926 animem
842 2872 923 2926 luisse
949 2873 1036 2926 lomna
1061 2891 1111 2945 per

33 2963 122 3020 omnin
140 2962 270 3022 burmann
289 2961 362 3016 unde
379 2961 533 3024 concludit,
550 2960 666 3032 effigiem
685 2979 736 3016 uon
752 2963 836 3012 aliam
850 2961 957 3012 anim
975 2963 1108 3014 humanae

35 3051 211 3120 ‹leputaudara
230 3061 340 3120 praeter
357 3051 518 3108 itomanam,
545 3059 572 3100 et
592 3050 698 3120 quidam
715 3049 773 3102 ciac
791 3051 922 3120 corporis,
949 3051 1022 3122 qaod
1038 3068 1108 3102 urto-

35 3155 151 3212 qaaeque
168 3137 349 3200 circumtulit,
368 3136 484 3210 effigiem
501 3136 582 3208 igitur
600 3137 704 3190 animae
722 3135 777 3204 dat,
796 3147 821 3188 et
839 3135 992 3206 corporales
1009 3135 1046 3190 illi
1066 3137 1109 3190 in·

37 3225 123 3281 scribit
143 3221 238 3289 lineas,
266 3242 318 3275 noa
341 3233 465 3288 tantum,
493 3236 522 3277 ut
541 3223 643 3296 inquit,
671 3241 703 3274 ex
715 3223 823 3292 fiducia
843 3223 1044 3293 corporalitatis
1059 3245 1108 3294 per
1209 3283 1213 3300 .

37 3311 254 3377 aestimationem,
289 3329 378 3361 verram
404 3321 430 3362 et
459 3331 492 3362 ea·
523 3311 676 3364 constantia
703 3311 812 3382 gratiae
838 3327 886 3378 per
912 3311 1108 3363 revelationem.

38 3399 109 3454 ldem
126 3397 221 3451 ibidem
244 3415 268 3454 c.
284 3402 325 3451 2².
346 3417 371 3468 p.
390 3403 449 3452 28⁰.
468 3397 562 3453 delinit
578 3397 695 3452 animem
715 3397 892 3470 corporalem,
910 3397 1064 3471 effigiatam,
1083 3411 1108 3451 et

41 3500 100 3542 tecte
116 3485 263 3560 Aeginetico
280 3485 385 3540 llaerea.
398 3490 441 3542 uu.
458 3487 575 3540 animaru
595 3497 670 3540 vocat
688 3503 786 3559 corpur
799 3485 954 3559 effigiatum.
989 3486 1037 3541 Sic
1051 3487 1108 3541 lre-

42 3593 117 3634 nnuc
132 3575 192 3633 dixit
209 3575 242 3641 ll,
261 3577 305 3630 tt.
324 3575 426 3631 animae
443 3575 541 3633 babere
557 3575 638 3630 etiam
661 3573 777 3630 bominis
801 3574 931 3648 liguram,
954 3586 987 3630 ut
1004 3593 1108 3648 cogna-

41 3676 146 3720 acentur.
179 3663 226 3717 Sic
244 3673 271 3718 et
285 3663 356 3735 apud
370 3663 549 3718 Reimannum
561 3663 658 3717 Histoe.
670 3663 798 3718 Atheiami
817 3683 844 3735 p.
858 3666 918 3718 att.
935 3663 1035 3716 videbis
1050 3665 1108 3716 An-

41 3752 135 3805 tonium
151 3751 269 3803 lioccum
287 3761 457 3818 statuentem,
475 3752 577 3805 animae
592 3771 693 3817 omnes,
712 3751 833 3822 adeoque
847 3749 1014 3814 rationalem,
1033 3767 1108 3802 com-

44 3838 178 3892 mensurari
195 3839 317 3908 corpori,
343 3851 373 3894 ut
391 3859 453 3912 para
469 3840 574 3894 animae
592 3841 660 3911 parti
682 3837 805 3909 corporis
825 3834 993 3906 respondent.
1034 3833 1109 3888 Enn-

44 3925 187 3978 demetiam
205 3943 280 3980 nunc
295 3925 478 3986 Siamemibuc
495 3927 651 3999 opinionem
671 3924 764 3979 tribuit
781 3924 818 3976 La
836 3922 970 3978 Loubidre
987 3921 1034 3976 Du
1052 3922 1108 3976 lto-

45 4029 132 4084 ynume
148 4011 178 4064 de
196 4011 270 4066 Siam
288 4013 320 4068 T.
337 4015 358 4068 l.
376 4034 403 4086 p.
422 4017 484 4070 261.

109 4100 137 4168 8)
154 4099 288 4156 versionis
305 4101 425 4158 Gallicae
444 4119 576 4156 manuscr.
595 4121 622 4173 p.
637 4107 680 4156 ²4.

110 4185 137 4257 l)
152 4186 214 4258 rag.
234 4189 296 4244 tut.
