2818 4860
417 253 730 340 ⁴-car-
827 271 836 276 ··

32 443 172 507 docuit
196 461 263 508 ecoe
284 442 402 523 iguem,
422 441 454 505 id
477 454 538 522 eet,
560 437 687 508 aethera
708 458 741 508 et
761 445 896 508 animem
919 447 1039 529 mundi,
1059 471 1150 534 pror·

34 571 101 614 nuo
127 547 311 622 ursicini,
341 545 397 628 qul
426 547 524 608 multa
554 561 586 610 et
613 549 663 611 illi
692 562 724 613 er
753 549 913 613 Heraclito
939 555 1151 633 conlegerunt.

34 655 160 714 lmmo
186 662 219 712 et
243 646 349 724 Plato,
382 649 409 710 oi
436 661 539 712 tamen
568 649 647 714 fider
669 652 719 715 laio
746 651 888 716 habende
908 665 955 716 eet
976 654 1095 718 lautino
1114 655 1151 741 ¹),

39 747 156 818 deum
182 759 222 820 lv
245 745 388 837 oooddc'e
414 751 510 838 ου’σῖᾳ
532 771 599 816 coeo
621 752 719 835 dixin
750 753 875 838 dequo
899 755 1152 840 videquaead·
1277 808 1283 814 .

40 867 150 919 notat
180 865 359 937 potiremur
379 855 562 921 Periclencio
589 859 701 922 luelini
727 855 830 920 editor
855 856 1059 939 [Prudentiae
1081 861 1151 922 Ma-

40 961 193 1042 ranueJ,
224 971 255 1020 et
280 958 387 1022 conlcr
409 958 542 1024 eundem
565 961 718 1024 lustinum
730 957 764 1043 ²)
772 1003 781 1038 ,
812 959 868 1043 qni
892 962 967 1022 haee
987 961 1111 1042 profert
1132 984 1149 1025 e

41 1062 157 1124 tertio
181 1063 303 1142 Regum
326 1061 409 1124 libro
426 1061 472 1144 ⁵)=
502 1067 539 1131 ἐν
559 1063 604 1151 τῷ
626 1059 706 1148 noel
729 1058 856 1145 κύριος.
902 1061 987 1125 Vide
1010 1061 1149 1127 eiusdem

43 1163 165 1226 Patrio
186 1165 363 1245 Epietolam
383 1165 422 1228 od
442 1166 632 1246 Diognetum
644 1162 686 1249 4).
729 1163 782 1227 ste
800 1175 831 1226 et
849 1164 883 1228 in
903 1167 1046 1245 oraculis,
1067 1187 1148 1250 quae
1246 1195 1248 1200 ·

44 1269 238 1329 zoroastro
255 1270 350 1349 vulgo
370 1269 563 1348 tribuuntur,
584 1269 698 1352 pacoim
714 1265 791 1331 deuo
809 1266 897 1332 audit
917 1269 987 1350 πῦρ
1004 1259 1036 1330 el
1053 1265 1148 1338 ὕπα-

46 1391 120 1434 τον
144 1369 229 1454 πῦρ.
271 1367 311 1432 Et
338 1369 456 1433 ibidem
486 1389 579 1434 vercu
610 1375 652 1436 25
682 1369 758 1433 deuo
781 1369 1024 1434 intellectualem
1054 1372 1086 1432 in
1114 1393 1147 1434 ce

48 1471 166 1550 ignem
189 1472 356 1554 proprium
376 1473 661 1556 conprehendere,
684 1473 729 1536 ite
750 1483 860 1562 cuneta
881 1474 1048 1556 perlecloee
1071 1472 1147 1537 diei·

51 1587 129 1651 tur,
146 1615 149 1620 -
167 1587 205 1636 ot
234 1589 343 1638 cuneta
366 1577 416 1640 ab‘
434 1594 499 1640 arno
528 1577 600 1657 igne
621 1575 786 1658 progenita
812 1576 893 1658 οἰοῖ,
926 1575 1010 1640 uude
1032 1576 1146 1640 merito

53 1677 244 1740 Brackerue
259 1677 287 1763 ⁵)
309 1678 484 1759 concludit,
504 1699 544 1743 ex
565 1678 666 1744 veteri
687 1679 884 1758 Zomoetrie,
909 1678 1050 1762 adeoque
1070 1681 1145 1742 Per·

54 1793 165 1842 earnm
185 1781 359 1862 theologia,
388 1780 482 1844 deum
504 1803 571 1846 eece
592 1783 697 1862 ignem
716 1783 809 1861 longe
831 1781 1033 1863 porioelmom
1051 1781 1146 1842 iutel-

55 1883 244 1960 leetnalem,
274 1883 361 1946 cuiue
383 1884 582 1965 potierimum
611 1886 787 1968 symbolum
809 1895 840 1946 et
868 1883 969 1963 inungo
996 1883 1037 1945 eit
1063 1883 1145 1962 ignia

57 1985 146 2062 colio,
166 1996 200 2046 ct
216 1987 330 2048 hancce
343 1985 497 2050 infinitam
512 1989 625 2066 lucem,
644 1999 793 2071 tanquam
808 1977 1015 2051 universalem
1034 1983 1144 2046 mundi

58 2087 196 2149 animam
218 2099 328 2182 cuncta
354 2109 463 2169 regere
489 2103 522 2152 et
541 2091 691 2154 animare.
734 2090 774 2152 Et
796 2091 856 2154 hoo
877 2087 1005 2172 quidem
1027 2085 1144 2152 veterio

58 2179 281 2273 philosophiae
305 2188 417 2273 dorma
445 2195 586 2276 reopexit
614 2207 722 2257 auctor
749 2193 823 2255 libri
852 2191 1040 2274 sapientiae,
1073 2209 1143 2252 cum

60 2293 143 2356 dixit
157 2289 204 2378 6)ε
225 2288 258 2379 ἢ
280 2291 368 2379 πῦρ,
397 2290 421 2380 ἢ
441 2295 602 2382 πνεῦμα,
630 2291 654 2382 ἢ
673 2291 813 2385 ταχινὸν
835 2290 936 2379 dieo,
966 2289 990 2377 ἢ
1015 2286 1144 2361 κύκλον

61 2393 207 2480 ἄστρων,
229 2392 251 2477 ἢ
270 2395 387 2479 βίαιον
408 2392 512 2482 ὕδωρ,
531 2391 555 2482 ἢ
576 2399 751 2484 nocolone
771 2388 938 2481 οὐρανοῦ,
960 2387 1142 2478 πρυτάνεις

62 2491 196 2580 κόσμου’
209 2492 316 2570 otuu
337 2489 512 2581 ludrtroou.
552 2499 610 2561 llla
639 2509 743 2560 autem
773 2495 884 2560 muudi
911 2495 1014 2558 anima
1041 2494 1141 2574 ignea,
1236 2565 1241 2572 Ι

63 2619 117 2662 ceu
137 2598 242 2680 potiue
266 2598 578 2682 illiuc'principatue,
603 2599 636 2663 id
658 2613 715 2680 eet,
741 2620 842 2679 cauea,
863 2598 941 2663 deuo
962 2596 1087 2673 faeiem,
1109 2607 1141 2657 et

64 2694 190 2764 cauteria
210 2701 343 2784 petione,
364 2699 398 2762 id
416 2711 472 2779 eet,
493 2699 641 2782 mundae,
660 2701 713 2764 dei
733 2721 856 2788 corpus,
877 2721 928 2764 rea
949 2712 1013 2762 tam
1036 2696 1141 2761 diaer-

65 2823 131 2883 aae,
144 2825 236 2888 qoam
257 2816 332 2867 cunt
351 2803 468 2865 artilex
488 2814 520 2866 et
541 2823 640 2886 opoc3
661 2825 730 2866 cum
749 2815 853 2866 tamen
873 2817 996 2870 murae
1014 2800 1140 2863 nomine

67 2904 406 2988 comprehendebantur
420 2927 439 2967 e
452 2903 576 2984 stoicis,
598 2918 633 2968 ut
655 2927 751 2988 cupre
771 2925 790 2966 e
810 2901 1015 2987 Inotant107)
1038 2900 1140 2962 decla·

68 3008 217 3072 ravimus:
251 3007 333 3071 unde
363 3019 476 3070 notura
502 3021 535 3071 et
561 3007 637 3072 deuo
663 3007 748 3089 apud
770 3006 890 3071 Stoicos
919 3021 978 3086 pro
1002 3021 1065 3066 uno
1087 3021 1168 3074 eoo,

69 3110 193 3193 demque
213 3107 356 3171 habenda
376 3091 459 3172 euni.
501 3107 661 3195 Senecss)
681 3112 814 3192 loquens
832 3106 970 3184 deleve,
992 3123 1138 3186 supremo

71 3211 141 3290 deo,
170 3230 262 3293 quem
284 3222 375 3272 vocat
397 3209 557 3274 custodem
577 3224 793 3295 rectoremque
815 3207 972 3286 unicorni,
999 3207 1138 3270 animum

71 3335 104 3376 ac
122 3311 279 3395 spiritum,
309 3311 460 3390 mcmdani
483 3315 576 3378 huioe
604 3315 709 3396 operio
736 3312 897 3377 dominum
924 3323 956 3374 et
977 3309 1138 3388 artificem,

73 3417 118 3479 oui
141 3415 212 3478 dicit
240 3435 332 3481 omne
361 3415 528 3480 convenire
558 3435 689 3494 nomen,
721 3415 765 3478 oio
791 3415 960 3478 exclamat:
993 3417 1042 3476 Vis
1060 3415 1137 3476 illum

73 3533 191 3586 notorum
211 3523 409 3584 encomium
427 3521 576 3602 parocbia
598 3533 639 3584 eu
662 3524 747 3597 nolo,
769 3539 806 3582 en
826 3539 883 3600 ouo
901 3529 972 3581 ma
992 3527 1055 3579 sunt
1075 3537 1139 3608 om·¹

136 3859 162 3926 1)
177 3857 242 3913 coh.
260 3858 293 3913 ad
312 3871 386 3931 gent.
404 3882 430 3935 p.
448 3865 492 3918 1⁰.
644 3860 673 3930 2)
691 3858 759 3913 lbid.
777 3877 803 3930 p.
820 3859 865 3914 11).

136 3945 163 4014 1)
177 3944 278 4017 &gum
298 3945 343 4015 lll,
363 3950 469 4016 111,11.
641 3948 673 4016 t)
691 3947 756 4018 rag.
774 3947 836 4000 111.
893 3993 895 3998 .

137 4033 163 4100 1)
177 4032 197 4088 1.
215 4035 408 4104 raldo-181.
643 4035 672 4104 1)
690 4033 758 4105 Cap.
777 4036 821 4100 tt,
840 4037 865 4087 2.

137 4117 163 4190 1)
177 4117 259 4176 lactit.
278 4119 328 4176 div.
346 4122 405 4191 Vll,
425 4125 451 4178 3.
643 4123 675 4192 8)
693 4121 801 4192 Quaero
820 4132 874 4178 nat.
885 4120 921 4191 ll,
938 4124 982 4178 ⁴5.
