3086 4840
622 355 858 415 -195-

173 509 292 608 ΙΜκκό
313 517 349 585 dl
369 517 478 586 ταῦτα
499 519 622 604 Φοῖβον
641 521 710 602 piu
730 517 859 604 lirum
877 512 931 586 deul
952 513 992 585 vd
1012 515 1163 606 καθαρόν
1181 524 1269 592 εἶναι

193 629 248 696 eol
279 623 445 732 λαμπρός.
494 626 576 696 Ἔτι
608 629 644 698 dl
676 643 745 704 τοῖς
776 627 892 706 ἄλλοις
923 628 1051 706 οἰκείας
1081 635 1131 706 eie
1160 627 1270 707 οόκόκ
1370 691 1375 702 .

192 740 353 829 χρόνααι,
378 737 592 830 χρυσοκόμαν
620 741 675 808 καὶ
706 735 926 826 ἀκειρεκόμαν
952 740 1271 828 προσαγορεύοντας,

193 846 307 936 ἐπειδὴ
326 847 498 940 χρόσωπός
516 857 585 922 ἐστι
607 854 663 922 καὶ
685 857 743 932 ibn
765 852 919 926 rra'rtdm
938 849 1110 928 uodeuede
1129 849 1185 922 ded
1207 852 1270 942 κήκ

195 1033 236 1108 τό]
256 1037 355 1092 Omnia
369 1038 445 1106 baec,
461 1059 529 1112 quae
545 1011 641 1117 alrulg.
655 1005 703 1096 ab·
760 1059 859 1094 nomen
868 1007 1001 1093 Gallicum
1010 1039 1048 1092 vel
1056 1037 1269 1107 Celticunr‚dum

196 1139 287 1193 eraut,
308 1145 369 1180 curn
390 1127 540 1182 Villoieouo
558 1127 658 1182 restitui
675 1148 704 1182 ex
760 1125 803 1182 alii
825 1127 858 1180 ad
882 1127 1042 1199 praesidium
1062 1147 1193 1201 aquarum
1212 1150 1269 1184 me-

194 1213 254 1266 Par.
275 1218 301 1267 1.
325 1218 351 1268 t.
374 1218 392 1268 5
419 1212 476 1283 (bic
500 1233 562 1269 cum
587 1215 702 1270 Leuni

194 1302 363 1372 πικρότερος)
389 1303 468 1359 baur.
486 1303 512 1357 1.
535 1303 561 1356 5.
584 1305 610 1356 4.
634 1304 651 1356 5
679 1309 705 1356 et

194 1387 283 1444 Οκοο.

230 1471 306 1546 εἶναι]
327 1474 417 1548 Vulgo
435 1473 478 1531 όν.
511 1476 580 1530 lllud
598 1476 661 1530 Par.
678 1481 703 1530 1.

194 1569 219 1617 1.
236 1568 263 1619 4.
281 1568 305 1619 5.
323 1563 401 1616 baur.
417 1567 441 1617 1.
456 1567 481 1620 3.
498 1567 524 1619 1.
542 1567 558 1617 5
578 1575 604 1618 et
617 1563 704 1618 Oron.

222 1647 284 1702 Ἔτι
299 1651 328 1702 di
346 1677 382 1690 -
394 1651 522 1720 χρόπαι]
534 1647 594 1702 Ἔτι
608 1650 704 1704 Villoi-

193 1738 253 1794 soni
266 1737 434 1792 coniecturae
447 1738 560 1792 debetur
571 1756 622 1809 pro
635 1737 704 1811 vulg.

194 1829 244 1882 tat.
261 1823 314 1878 Sed
336 1836 425 1881 manet
442 1824 517 1891 illud,
538 1825 610 1897 quod
629 1824 703 1880 valde

195 1912 293 1964 durum
307 1911 418 1978 ridetur,
437 1914 473 1970 alc
487 1908 568 1962 ον’τόν
578 1916 703 1979 χρῶνται.

194 1999 334 2052 ExPar.d
352 1999 466 2052 aller-tur
483 2001 524 2049 uu
541 1994 573 2048 τό
589 2009 702 2056 rote...

193 2089 323 2156 χρῆσθαι.

229 2171 406 2244 χρυσοκόμαν]
424 2170 485 2222 Par.
501 2174 519 2225 4
534 2167 706 2241 χρυσεκόμην.

172 2277 175 2284 ’
195 2259 296 2313 Dorica
314 2259 401 2312 forma
419 2256 448 2310 io
464 2255 517 2310 boe
533 2267 560 2310 et
577 2255 705 2328 α’καρεκό-

195 2365 248 2408 μαν
266 2356 382 2412 testatur,
401 2343 553 2398 Cornutum
567 2343 632 2399 baec
647 2345 705 2417 epi-

196 2432 265 2487 theta
284 2453 313 2486 ex
331 2433 421 2505 lyricis
437 2431 571 2503 aliquibus
589 2432 704 2485 laudare.

196 2515 368 2588 Χροσοκόμης
377 2520 476 2590 Apollo
487 2519 585 2573 dicitur
595 2521 622 2572 in
632 2521 705 2574 Ora-

196 2605 258 2658 culo
276 2603 407 2676 Delpbico
425 2623 468 2676 ap.
483 2605 596 2658 Diodor.
609 2607 662 2660 Sic.
676 2607 705 2660 iu

196 2692 318 2764 Excerpt.
325 2692 385 2743 Vat.
395 2693 452 2762 pt.
471 2691 501 2745 ln
510 2692 626 2746 formam
636 2692 705 2747 οἶκα-

195 2778 315 2850 ρεκόμαν,
337 2795 404 2850 quae
423 2795 483 2831 mox
501 2778 605 2852 legitur,
631 2781 705 2837 euius

195 2865 257 2921 loco
274 2865 335 2920 Par.
352 2871 369 2919 2
387 2862 553 2936 αέκρσκόμαν,
571 2873 589 2922 4
606 2866 705 2940 detepe-

197 2952 285 3024 κόμην,
303 2959 320 3019 5
340 2950 510 3023 cimmerium,
529 2953 637 3007 Leuni
656 2951 705 3024 α’ρ-

195 3037 357 3112 νυροκόμαν,
384 3039 475 3093 aiierri
494 3050 580 3113 potest
597 3041 705 3095 Pindar.

196 3128 284 3183 letbm.
302 3129 323 3195 l,
341 3132 374 3196 1,
403 3128 451 3181 ubi
468 3145 562 3180 omnes
580 3125 659 3180 MSS.
677 3128 704 3180 in

196 3213 310 3270 lectione
334 3213 500 3286 ἀκειρεκόμαν
526 3216 706 3270 consentiunt.

196 3301 457 3375 ΑΙίκαόκσρσικόμας.
475 3303 705 3378 Deutraquel'or·

197 3409 241 3444 ma
256 3413 278 3444 r.
292 3391 455 3446 Boeclrbium
470 3392 503 3446 ad
517 3391 594 3462 Pyth.
608 3391 652 3458 lll,
662 3393 706 3446 14.

198 3477 240 3531 Ci.
250 3479 341 3534 lacoba
352 3481 384 3532 ad
398 3480 521 3534 Pbiloatr.
534 3479 707 3550 imag.1l‚19.

197 3569 294 3637 pato.
321 3566 440 3621 Homero
455 3567 507 3621 dici
522 3571 618 3631 Φοῖβος
630 3563 705 3637 ‹irip-

196 3652 321 3724 οεκόμης,
347 3654 486 3710 admonuit
511 3653 661 3708 Euatatbiue
679 3675 705 3726 p.

760 1213 881 1268 dicatum
892 1214 931 1268 rel
942 1213 1088 1270 aaluluium
1100 1216 1200 1288 referre
1211 1235 1269 1270 ma·

759 1301 839 1356 lunt*
854 1303 887 1353 V.
904 1301 1106 1374 Scboepilinum
1122 1303 1192 1356 Mus.
1207 1305 1239 1356 Τ.
1247 1305 1268 1358 l.

761 1392 880 1462 p.baeq.
913 1388 988 1442 illam
1007 1391 1163 1444 senteutiam
1183 1410 1270 1464 nuper

759 1475 1269 1531 auamlecitCreuaeruaaurGeacbicbte

760 1561 985 1618 Ait-illimiscber
1004 1561 1100 1616 Cultur
1117 1581 1160 1617 am
1180 1561 1270 1617 Ober-

759 1648 845 1704 theiu
864 1650 919 1704 uod
939 1648 1044 1706 Neclar
1062 1669 1088 1723 p.
1106 1654 1173 1718 10ος
1202 1649 1271 1704 bauo

759 1735 889 1808 Hauptiua
907 1737 936 1790 iu
952 1737 1066 1808 Aligem.
1080 1737 1271 1810 Scbulaeitung

759 1827 838 1879 1530.
853 1824 954 1878 Nou.
967 1845 993 1897 p.
1000 1827 1061 1879 599.
1086 1824 1150 1893 Quo
1163 1825 1196 1878 de
1208 1843 1271 1878 aen·

761 1911 902 1965 tentiarum
927 1911 1081 1965 discrimine
1105 1911 1126 1962 ei
1149 1911 1177 1962 in
1198 1921 1270 1964 tanta

762 1997 799 2050 rei
811 1996 972 2050 obscuritate
981 1996 1020 2049 las
1035 2007 1073 2049 eat
1086 1996 1270 2066 pronuntiare,

762 2081 826 2136 mibi
843 2083 930 2137 fateor
945 2081 1084 2155 posteriori
1107 2083 1229 2156 opinioni
1244 2083 1270 2136 id

761 2169 849 2222 farere
858 2169 950 2236 rideri,
968 2169 1040 2241 quod
1050 2170 1170 2242 Apollini
1181 2170 1272 2224 Grau·

761 2276 798 2311 nu
820 2257 898 2310 deam
920 2255 1046 2310 Sironem
1065 2259 1118 2311 aire
1138 2257 1271 2313 Dironam

760 2345 788 2397 in
807 2345 987 2399 monumentis
1003 2345 1140 2400 nonnullis
1157 2365 1172 2400 a
1191 2346 1270 2402 Grut.

760 2451 786 2504 p.
794 2435 829 2488 51
846 2443 872 2487 et
884 2429 1059 2504 Schoeplliuo
1069 2433 1133 2486 ibid.
1147 2451 1173 2504 p.
1183 2436 1224 2486 15.
1236 2436 1271 2488 11

760 2519 872 2574 laudatis
905 2521 975 2572 iuxta
1011 2521 1110 2591 apponi
1144 2521 1271 2587 ridemus,

761 2625 843 2677 quam
853 2606 901 2659 riri
914 2605 984 2659 docti
998 2625 1053 2658 uuo
1070 2605 1126 2658 lere
1140 2625 1271 2660 consentu

761 2691 876 2746 Dianam
896 2702 921 2746 et
939 2691 1048 2764 quidem
1066 2691 1181 2746 sontium
1200 2691 1272 2746 salu·

761 2781 849 2834 brium
868 2791 1011 2852 patronam
1029 2787 1204 2848 agnoverunt.
1237 2779 1271 2832 V.

760 2866 921 2920 Wienerum
931 2867 965 2918 de
973 2865 1079 2936 legione
1086 2865 1271 2921 Romanorum

762 2953 882 3006 vicesima
903 2951 1019 3008 secunda
1039 2972 1065 3023 p.
1081 2955 1143 3006 105.
1179 2952 1272 3021 Quare

761 3039 883 3109 auspicor
895 3038 1011 3092 eiusdem
1024 3038 1157 3111 Apollinis
1167 3038 1271 3092 Granni

762 3125 906 3196 imaginem
931 3125 1047 3180 exbiberi
1069 3125 1097 3178 in
1120 3124 1272 3197 anaglypho

761 3212 939 3283 Botteuburgi
974 3213 1008 3266 ad
1042 3211 1155 3285 Nigrum
1186 3233 1272 3286 prope

762 3317 844 3372 aquae
856 3300 973 3354 medicas
985 3313 1102 3374 reperto,
1117 3321 1172 3374 quo
1185 3301 1272 3374 Apol-

762 3387 844 3442 linem
855 3407 939 3442 uroaa
949 3389 1149 3442 incumbentem
1164 3389 1272 3460 conspi-

763 3475 862 3531 cimus:
880 3476 914 3531 de
927 3497 981 3548 quo
997 3497 1019 3529 r.
1033 3476 1157 3530 Sebornii
1170 3475 1272 3530 Κασσί-

762 3563 829 3619 blatt
839 3567 918 3618 1830.
935 3565 985 3619 Νο.
994 3568 1038 3619 10.
1054 3584 1079 3637 p.
1089 3569 1132 3620 12.
1160 3563 1202 3618 De
1215 3564 1272 3635 ipra

763 3671 825 3706 vero
839 3655 961 3708 vocabuli
980 3659 1107 3708 Grunnua
1124 3651 1229 3721 urigine
1247 3662 1273 3702 et

197 3741 277 3806 1194,
293 3745 343 3807 50,
369 3743 517 3798 Villoieouo
542 3739 570 3794 iu
596 3739 707 3794 Schedia
762 3739 866 3794 retioue
878 3741 983 3795 videant
995 3741 1148 3812 linguarum
1158 3736 1272 3792 Celtica·

197 3825 327 3882 laudatua.
367 3829 410 3886 De
426 3831 514 3885 forma
526 3827 616 3902 ‘altera
635 3828 706 3883 idem
763 3843 824 3881 rum
839 3827 924 3898 periti.

198 3917 315 3970 conferri
340 3918 413 3972 iubet
438 3916 526 3972 Sebol.
548 3915 654 3970 Heriod.
673 3915 706 3968 ad
798 3915 923 3982 πένθους]
944 3915 1034 3985 Vulgo
1044 3916 1100 3966 aine
1115 3927 1192 3965 aenau
1205 3929 1272 3964 παν-

196 4001 405 4077 Τόεος.ρ,100.
435 4004 560 4059 Ceterum
578 4003 610 4058 ad
629 4003 708 4058 buius
763 4003 816 4060 ric·
853 4001 921 4055 lllud
939 4003 1000 4056 Par.
1019 4005 1043 4052 1.
1061 4003 1090 4054 4.
1115 3999 1226 4054 haunt
1247 4011 1273 4053 et

197 4091 304 4164 epitheti
315 4113 422 4148 ecorum
437 4105 500 4148 aunt
514 4083 559 4164 riui
573 4090 707 4163 explican—
763 4089 850 4143 Oeon.
875 4087 916 4142 Ad
931 4105 1012 4159 quam
1025 4086 1166 4142 lectionem
1177 4087 1273 4141 Villoi-

196 4180 262 4234 dum
291 4193 417 4235 censeant
445 4179 577 4253 Apollinis
606 4179 709 4231 Granni
763 4195 844 4232 eouua
861 4177 889 4230 io
904 4177 981 4228 Varr.
1000 4175 1071 4232 lect:
1091 4188 1136 4246 „et
1147 4177 1273 4230 οἰακοσ-

924 4273 990 4337 13*
