2972 4836
710 357 743 366 ·-
793 341 850 387 Vlll
897 353 936 370 ··

288 515 379 576 nam,
405 485 474 566 scd-
490 485 592 563 simul
617 515 687 588 quo
713 486 818 562 modo
844 487 880 562 in
905 483 1094 583 redigenda
1119 509 1158 559 ea
1186 510 1268 556 usus
1294 483 1363 557 sim

287 589 399 664 statim
423 588 641 686 subiungant,
664 590 701 662 in
725 606 935 664 antecessum
959 585 1143 688 praelatus,
1168 586 1204 660 iu
1224 585 1364 660 schedis

288 691 485 787 digerendis
509 690 598 766 hanc
627 691 711 767 mihi
738 692 774 766 in
801 692 994 768 universum
1022 717 1075 764 me
1101 687 1366 788 praescripsisse

287 791 406 890 legem,
429 809 465 866 ut
490 819 578 892 quae
598 793 806 870 Villoisonus
828 792 947 868 litteris
970 792 1175 875 mandasset,
1197 817 1235 862 ea
1259 788 1365 862 verbo

286 912 386 968 tenus
410 894 608 984 redderem
632 923 652 968 a
679 924 745 996 qua
773 895 846 993 lege
871 895 1010 970 nonnisi
1037 895 1073 968 in
1098 892 1279 966 manifesto
1305 917 1366 964 ca-

286 995 370 1070 lami
394 1023 508 1070 errore
543 996 594 1071 vel
624 997 660 1068 in
694 997 767 1072 eius
801 998 934 1094 generis
960 996 1077 1097 lapsu,
1112 1021 1213 1094 quem
1245 1009 1367 1066 auctor

285 1098 361 1197 ipse
387 1099 499 1172 statim
526 1117 741 1175 correcturus
768 1100 904 1188 suisset,
929 1099 1070 1184 recessi3
1100 1095 1194 1196 quod
1219 1121 1366 1194 perraro

286 1198 414 1275 sactum
437 1201 587 1276 memini.
636 1203 755 1302 ltaque
780 1229 844 1300 pru
868 1201 979 1276 fundo
999 1225 1133 1299 semper
1159 1195 1265 1272 habui
1287 1196 1365 1295 ipsa

287 1299 466 1401 Villoisoni
487 1303 602 1392 uerba,
625 1304 752 1405 quibus
772 1331 859 1404 quae
880 1331 899 1378 a
924 1302 1125 1400 memetipso
1143 1299 1365 1395 adiungenda

287 1404 359 1478 visa
391 1421 489 1495 sunt,
526 1432 569 1478 ne
602 1433 679 1480 eum
710 1405 777 1480 illis
802 1432 877 1480 mea
904 1417 1213 1488 commutarentur,
1246 1400 1365 1500 utique

288 1505 387 1578 uncis
415 1506 463 1606 []
489 1505 623 1596 seclusi,
648 1523 708 1582 aut
728 1507 790 1580 ubi
816 1503 995 1582 Villoisoni
1021 1504 1122 1578 uerba
1149 1503 1233 1576 meis
1259 1502 1366 1576 inter-

287 1607 449 1705 ponenda
475 1609 631 1694 suerunt,
658 1635 697 1680 ea
726 1611 873 1684 auctoris
900 1609 1038 1682 nomine
1065 1604 1273 1702 consignavi.
1325 1605 1363 1678 si

287 1706 366 1806 quis
392 1733 475 1788 vero
500 1709 596 1807 quod
623 1707 831 1784 Villoisonos
856 1708 1053 1808 imperfecte
1080 1706 1130 1780 vel
1155 1707 1269 1780 minus
1295 1704 1365 1780 ele·

289 1825 411 1904 gauter
442 1809 608 1909 scriptum
644 1810 800 1910 reliquit,
838 1809 1089 1884 emendandum
1124 1836 1143 1882 a
1174 1836 1228 1881 me
1257 1806 1364 1880 luisse

289 1909 447 2010 postulet,
473 1910 502 1983 is
528 1938 597 1985 non
620 1913 836 2014 reputaverit,
865 1911 996 1986 nullum
1024 1929 1094 1984 tum
1122 1911 1262 1984 modum
1287 1937 1364 1984 cor-

288 2011 436 2108 rigendi,
461 2013 627 2104 mutandi,
647 2013 855 2088 reformandi
879 2013 995 2104 fuisse,
1017 2041 1122 2114 quum
1144 2029 1272 2086 tantum
1292 2038 1364 2085 non

289 2113 404 2186 omnia
438 2115 653 2190 retractanda
689 2133 721 2189 et
755 2116 798 2189 de
832 2143 921 2188 novo
951 2115 1175 2190 instauranda
1209 2111 1364 2202 luissent,

288 2215 384 2314 quod
407 2215 443 2287 in
467 2214 577 2290 alieno
604 2243 718 2317 opere,
741 2217 939 2317 praesertim
967 2216 1135 2290 tironibus
1162 2242 1231 2286 non
1259 2214 1365 2286 desti-

288 2331 388 2404 nato,
414 2316 589 2416 piaculum
615 2317 740 2420 putavi.
794 2321 948 2392 Ceterum
977 2317 1078 2392 totius
1104 2315 1237 2416 operis,
1261 2314 1363 2414 quale

184 2455 187 2464 ·
287 2443 380 2500 nune
412 2417 591 2516 vulgatur,
626 2420 792 2494 rationem
828 2421 1020 2494 accuratius
1047 2421 1232 2492 intuentem
1261 2414 1363 2491 latere

288 2546 358 2591 non
379 2512 515 2617 poterit,
540 2523 648 2623 copiis
668 2519 923 2597 Villoisouianis
944 2523 972 2596 si
997 2521 1103 2596 libere
1127 2521 1176 2593 nti
1203 2517 1363 2610 licuisset,

288 2636 325 2692 nt
358 2620 511 2718 primarii
546 2624 686 2699 editoris
718 2651 859 2698 munere
890 2625 1038 2721 iungens
1070 2623 1183 2698 omnia
1210 2622 1284 2721 ipse
1309 2621 1363 2694 in-

286 2721 469 2798 stituissem
495 2740 526 2797 et
552 2723 597 2798 ad
623 2751 734 2798 meum
762 2725 939 2798 arbitrium
968 2726 1173 2822 exegissem,
1199 2741 1231 2796 et
1254 2720 1363 2796 multo

287 2821 454 2910 minorem
487 2822 616 2898 laboris
649 2827 798 2924 suscepti
831 2851 1028 2900 aerumnam
1063 2827 1210 2898 loturam
1239 2841 1270 2895 et
1295 2824 1361 2923 ipsi

287 2923 335 2996 rel
360 2923 481 2997 melius
507 2926 651 3002 sortasse
679 2926 870 3000 consultum
898 2927 1021 3000 luisse:
1046 2926 1107 2998 sed
1128 2925 1290 2999 deterruit
1309 2953 1361 2998 me

287 3021 331 3102 ab
360 3023 424 3099 hoc
451 3027 594 3102 consilio
621 3046 688 3102 tam
716 3028 824 3127 pietas
852 3027 1020 3102 defunctis
1048 3026 1162 3101 debita
1190 3054 1291 3127 quarn
1320 3027 1363 3099 ti-

286 3153 373 3212 mor,
397 3155 441 3200 ne
467 3128 619 3210 eiusdem
645 3130 797 3205 criminis
823 3157 1036 3226 coarguerer,
1062 3130 1097 3202 in
1125 3128 1223 3202 cuius
1248 3127 1361 3226 suspi-

287 3227 420 3302 cionem
445 3228 526 3302 olim
551 3230 714 3304 incidisse
740 3230 878 3302 memini
905 3229 1191 3318 Brdndstedium,
1216 3229 1360 3302 amicum

287 3353 417 3416 meum,
453 3329 512 3428 qui
539 3357 646 3429 quum
677 3332 712 3403 in
740 3331 874 3404 edendo
909 3332 1087 3404 ltinerario
1119 3357 1182 3404 suo
1210 3329 1359 3402 eiusdem

287 3425 467 3504 Villoisoni
492 3429 628 3504 schedis
657 3430 731 3504 aliis
755 3431 961 3533 quibusdam
987 3459 1081 3520 usus,
1106 3433 1142 3506 in
1167 3432 1270 3504 rebus
1297 3432 1358 3503 mi-

289 3529 500 3621 nutioribus,
526 3532 652 3624 sontis,
678 3533 770 3607 unde
794 3533 971 3624 hauserat,
1028 3563 1140 3634 noque
1166 3534 1240 3608 loco
1268 3559 1359 3606 men-

287 3630 413 3704 tionem
447 3659 516 3706 non
552 3632 705 3722 fecisset,
742 3635 889 3734 graviter
918 3564 1087 3735 vapulavit
1122 3653 1221 3736 atque
1256 3633 1358 3734 plagii

286 3733 331 3805 ab
357 3733 583 3808 obtrectatore
615 3735 768 3836 iniquius
819 3765 898 3811 uam
924 3738 1036 3812 verius
1061 3765 1139 3810 reus
1167 3738 1277 3810 lactus
1301 3753 1359 3810 est.

285 3833 386 3910 Nono
406 3834 560 3934 singulas
579 3839 697 3938 copias
719 3865 738 3912 a
760 3765 949 3912 Villoisono
972 3837 1106 3912 relictas
1129 3854 1358 3925 enarraturos,

285 3937 578 4041 praemonendum
605 3939 714 4025 duco,
750 3967 866 4013 carum
893 3940 1066 4028 omnium,
1100 3966 1185 4040 quas
1219 3941 1228 4011 i
1257 3965 1292 4012 se
1323 3940 1357 4012 in

286 4035 429 4153 ppistola
457 4037 514 4114 illa
541 4041 634 4113 etin
662 4039 914 4140 prolegomenis
941 4042 1166 4129 enumeravit,
1199 3965 1357 4139 reliquias

285 4163 321 4210 ro
357 4135 494 4216 schedis
526 4139 598 4220 eius
633 4143 775 4243 reperiri
805 4159 939 4242 praeter
973 4141 1159 4218 versionem
1193 4141 1357 4230 Latinam,

287 4237 384 4314 cuius
409 4265 473 4338 ego
496 4267 567 4314 non
590 4247 727 4328 memini
749 4244 925 4342 vestigium
948 4271 1000 4318 mc
1022 4243 1289 4343 deprehendisse
1307 4241 1356 4316 ul-
