2972 4836
343 1189 668 1332 vautumnum
703 1249 967 1330 nnrronra.

208 1453 260 1514 lle
280 1451 467 1516 Gomntiani
487 1453 588 1516 libelli
605 1465 790 1534 argumento
811 1465 842 1516 et
857 1451 966 1514 indole
981 1450 1044 1534 ipei
1061 1469 1125 1534 qun
1140 1449 1198 1512 mi·

123 1575 182 1616 nee
203 1555 354 1618 continua
381 1549 522 1620 oratione
550 1559 646 1620 verba
673 1558 857 1636 interamna,
886 1556 984 1620 οιίιιιιι
1006 1555 1097 1616 nobie
1119 1555 1199 1616 iece-

121 1669 199 1719 runt
218 1670 252 1720 et
276 1679 357 1742 quea
377 1661 571 1724 Villoieunue
593 1660 840 1740 l'rolegomeuie,
867 1672 899 1722 et
924 1679 1005 1742 quae
1030 1657 1198 1722 Martiniua

121 1761 204 1822 libro
227 1762 323 1825 totiea
342 1761 468 1826 laudato
490 1761 615 1826 erudite
630 1763 812 1846 disputavit,
832 1762 877 1825 ita
891 1774 927 1824 nt
942 1761 980 1825 ad
995 1774 1102 1844 partes
1116 1781 1199 1823 mene

123 1885 220 1944 pauca
237 1885 305 1927 ecee
321 1865 430 1929 relicta
447 1867 579 1945 aidenm,
600 1867 688 1930 brevi
705 1865 915 1948 disputatione
934 1867 985 1928 laic
1000 1843 1199 1928 abeolveatla.

121 1969 166 2029 Ac
187 1966 254 2030 duo
274 1968 419 2049 inprimis
440 1983 530 2049 eunt,
559 1969 598 2032 de
618 1971 733 2055 quibua
755 1967 967 2053 quaerendum
990 1968 1134 2045 videtur,
1162 1987 1199 2028 ac

120 2070 264 2151 primum
285 2068 323 2131 de
344 2074 500 2153 opueculi,
521 2075 613 2156 quola
635 2087 718 2135 nunc
739 2070 866 2154 quidem
889 2082 1004 2148 exetat,
1023 2069 1199 2132 termedo-

122 2194 183 2257 qne
198 2174 340 2238 auctoris
356 2177 498 2255 coneilio,
518 2197 581 2260 qno
602 2187 767 2259 perspecte
788 2173 959 2257 apparebit,
981 2173 1079 2236 totino
1099 2172 1200 2234 libelli

122 2276 275 2338 rationem
297 2297 366 2338 enm
387 2297 469 2356 enee,
499 2297 580 2361 quae
601 2278 712 2342 iudicia
739 2277 791 2342 vel
812 2275 920 2359 paullo
938 2276 1104 2341 reveunt·
1128 2295 1200 2338 cen-

124 2399 228 2442 etunm
256 2379 375 2444 eludat.
427 2379 532 2458 Quutu
562 2379 646 2443 enim
673 2401 768 2462 cupra
797 2381 858 2442 iam
874 2380 1061 2444 'monuerim
1095 2379 1200 2458 latinae,

123 2483 231 2566 quiin
252 2503 290 2546 eo
310 2483 423 2546 iustam
443 2496 697 2564 argumentorum
719 2481 954 2564 dispositionem
976 2480 1200 2560 desiderarent,

120 2585 165 2647 ita
191 2599 228 2649 nt
252 2587 434 2668 [arnaginem
457 2605 497 2650 eat
524 2587 677 2668 capitibus
698 2583 827 2666 cingulis
848 2587 916 2648 eine
941 2597 1029 2647 orato
1051 2583 1200 2646 materiae

119 2673 211 2750 nexu
235 2703 407 2768 congettam
435 2689 668 2768 exiatimarent,
701 2707 793 2772 quam
820 2687 990 2768 indigestae
1014 2687 1104 2753 mulie
1128 2705 1200 2766 ape·

120 2791 202 2852 ciem
227 2801 326 2854 totum
351 2794 465 2854 librum
487 2791 591 2856 obiter
611 2791 789 2872 inspicienti
811 2791 925 2854 ollerne
954 2790 1060 2869 negari
1082 2807 1200 2870 nequn·

121 2915 217 2977 quam
233 2907 354 2976 potent:
375 2907 490 2972 tamen,
510 2893 640 2956 eublntie
661 2895 852 2976 cingulorum
872 2894 1008 2976 capitum
1027 2891 1200 2956 dictinctio·

122 2999 233 3075 nibus,
262 3018 340 3082 quaa
362 3019 380 3060 a
402 2998 544 3060 Cornuto
566 2997 720 3079 proiectae
748 3015 810 3080 pon
838 3015 904 3057 eane
931 2994 970 3056 ad
999 3015 1066 3074 cap.
1089 2999 1104 3054 1
1131 2993 1201 3056 init.

122 3101 293 3178 monitum,
317 3119 402 3177 rem,
419 3100 450 3170 ‚ai
473 3099 579 3181 purello
604 3095 785 3176 diligentius
805 3094 1049 3170 examinaverit,
1069 3107 1199 3173 pronun

122 3201 215 3262 aliter
240 3203 355 3264 habere
377 3203 466 3263 iacile
489 3200 663 3282 apparebit.
707 3199 756 3260 De
779 3197 837 3261 inte
858 3217 935 3260 varo
958 3195 1062 3278 operia
1084 3193 1200 3258 deacri-

122 3307 231 3387 ptione
254 3306 286 3367 in
309 3303 430 3386 cingula
450 3304 570 3385 capito,
591 3301 705 3386 quibat
727 3301 849 3382 cingulo
869 3315 1051 3380 argumente
1071 3301 1199 3362 tractari

121 3407 308 3485 videantur,
339 3421 373 3470 ut
400 3409 536 3490 primum
565 3406 683 3485 dicam,
714 3425 783 3468 enm
806 3404 1006 3468 librariorum
1028 3402 1199 3484 capientiae

121 3510 239 3590 deberi,
261 3524 328 3574 tum
350 3531 391 3574 ex
411 3532 449 3574 eo
469 3511 640 3573 certietime
657 3509 826 3589 colligitur,
846 3507 930 3591 quoti
954 3527 990 3568 en
1011 3505 1116 3587 operit
1137 3503 1200 3567 dia·

120 3615 254 3678 tributio
277 3615 311 3676 in
333 3613 424 3680 codd.
444 3613 574 3676 minime
594 3632 655 3674 una
678 3609 846 3695 eademque
869 3621 1032 3686 aer-vatur,
1060 3618 1096 3670 ut
1124 3627 1154 3668 ιι.
1173 3627 1199 3669 c.

121 3737 190 3798 top.
209 3723 229 3780 2
251 3718 340 3796 inin,
361 3719 416 3780 ubi
437 3739 468 3780 v.
485 3716 582 3794 Gale,
604 3717 655 3778 ael
676 3735 703 3776 e.
718 3717 754 3790 9,
776 3713 882 3776 vernia
903 3709 992 3781 ut't'eu¹
1014 3712 1070 3788 δέ,
1094 3711 1147 3771 ubi
1169 3729 1199 3770 ιι.

121 3841 153 3899 p.
170 3825 223 3899 29,
244 3822 295 3882 vel
318 3843 344 3884 c.
361 3823 415 3898 nt,
435 3820 491 3882 ubi
513 3841 551 3899 ιι.
565 3839 596 3900 p.
612 3821 685 3894 tna,
707 3827 773 3880 tum
792 3819 832 3878 ob
853 3814 1113 3877 conatructionem
1131 3830 1200 3872 aar·

123 3924 234 3983 borum
256 3945 273 3984 a
295 3923 358 3986 fine
380 3923 490 4005 capitia
512 3908 547 3983 ιιι
567 3941 700 4004 aequent
721 3920 949 3993 continuatam,
971 3927 1006 3975 ut
1028 3933 1053 3973 c.
1073 3915 1124 3976 25.
1147 3915 1199 3976 26.

123 4027 182 4100 27,
209 4025 266 4087 ubi
287 4024 360 4089 vide
389 4047 420 4106 p.
441 4029 514 4088 1³9.
539 4028 599 4086 144
621 4035 651 4084 et
676 4026 739 4084 148
767 4031 884 4083 notata.
937 4015 1076 4077 lienaotie
1102 4014 1199 4095 igitur

123 4127 260 4208 cupitum
286 4097 478 4194 ae'ctiunibus
504 4127 609 4211 prodit
632 4125 757 4186 libellus
777 4141 841 4184 uuo
863 4132 971 4182 tenore
998 4119 1199 4200 conecniptue,

122 4231 155 4293 in
186 4249 251 4316 qno
280 4251 361 4316 quae
389 4230 533 4296 ordinem
561 4229 627 4292 eine
655 4226 772 4286 iuatum
801 4241 837 4284 ac
863 4241 1041 4306 prouectum
1070 4223 1197 4285 tenuare
