<?xml version="1.0" encoding="UTF-8"?>
<!DOCTYPE html PUBLIC "-//W3C//DTD XHTML 1.0 Transitional//EN"
    "http://www.w3.org/TR/xhtml1/DTD/xhtml1-transitional.dtd">
<html xmlns="http://www.w3.org/1999/xhtml" xml:lang="en" lang="en">
 <head>
  <title>
</title>
<meta http-equiv="Content-Type" content="text/html;charset=utf-8" />
  <meta name='ocr-system' content='tesseract 3.04.00' />
  <meta name='ocr-capabilities' content='ocr_page ocr_carea ocr_par ocr_line ocrx_word'/>
</head>
<body>
  <div class='ocr_page' id='page_1' title='image "./denaturadeorum00corngoog_0043.png"; bbox 0 0 2972 4836; ppageno 0'>
   <div class='ocr_carea' id='block_1_1' title="bbox 704 339 984 382">
    <p class='ocr_par' dir='ltr' id='par_1_1' title="bbox 704 339 984 382">
     <span class='ocr_line' id='line_1_1' title="bbox 704 339 984 382; baseline 0.007 -14"><span class='ocrx_word' id='word_1_1' title='bbox 704 339 984 382; x_wconf 68' lang='grc' dir='ltr'><strong>...ςι-</strong></span> 
     </span>
    </p>
   </div>
   <div class='ocr_carea' id='block_1_2' title="bbox 305 486 1428 3532">
    <p class='ocr_par' dir='ltr' id='par_1_2' title="bbox 305 486 1428 3532">
     <span class='ocr_line' id='line_1_2' title="bbox 306 486 1428 570; baseline -0.006 -14"><span class='ocrx_word' id='word_1_2' title='bbox 306 491 400 556; x_wconf 84' lang='lat' dir='ltr'><strong>modo</strong></span> <span class='ocrx_word' id='word_1_3' title='bbox 419 489 583 570; x_wconf 73' lang='lat' dir='ltr'><strong>ellegocine</strong></span> <span class='ocrx_word' id='word_1_4' title='bbox 599 487 779 554; x_wconf 84' lang='lat' dir='ltr'><strong>llomerioee</strong></span> <span class='ocrx_word' id='word_1_5' title='bbox 794 489 1029 570; x_wconf 76' lang='lat' dir='ltr'><strong>interpretum</strong></span> <span class='ocrx_word' id='word_1_6' title='bbox 1072 486 1185 551; x_wconf 85' lang='lat' dir='ltr'><strong>lleueit</strong></span> <span class='ocrx_word' id='word_1_7' title='bbox 1199 499 1230 548; x_wconf 87' lang='lat' dir='ltr'><strong>ct</strong></span> <span class='ocrx_word' id='word_1_8' title='bbox 1247 507 1296 548; x_wconf 84' lang='lat' dir='ltr'><strong>ex</strong></span> <span class='ocrx_word' id='word_1_9' title='bbox 1319 487 1428 550; x_wconf 80' lang='lat' dir='ltr'><strong>eine·</strong></span> 
     </span>
     <span class='ocr_line' id='line_1_3' title="bbox 307 590 1424 672; baseline -0.01 -12"><span class='ocrx_word' id='word_1_10' title='bbox 307 595 378 660; x_wconf 87' lang='lat' dir='ltr'><strong>dem</strong></span> <span class='ocrx_word' id='word_1_11' title='bbox 401 595 540 658; x_wconf 85' lang='lat' dir='ltr'><strong>Zenonie</strong></span> <span class='ocrx_word' id='word_1_12' title='bbox 560 593 746 672; x_wconf 71' lang='lat' dir='ltr'><strong>theogoniae</strong></span> <span class='ocrx_word' id='word_1_13' title='bbox 768 592 1043 672; x_wconf 74' lang='lat' dir='ltr'><strong>interpretatione,</strong></span> <span class='ocrx_word' id='word_1_14' title='bbox 1063 590 1150 652; x_wconf 85' lang='lat' dir='ltr'><strong>cuiue</strong></span> <span class='ocrx_word' id='word_1_15' title='bbox 1170 590 1327 651; x_wconf 78' lang='lat' dir='ltr'><strong>meminit</strong></span> <span class='ocrx_word' id='word_1_16' title='bbox 1357 591 1424 649; x_wconf 89' lang='lat' dir='ltr'><strong>Ci-</strong></span> 
     </span>
     <span class='ocr_line' id='line_1_4' title="bbox 307 692 1420 778; baseline -0.009 -18"><span class='ocrx_word' id='word_1_17' title='bbox 307 716 379 760; x_wconf 87' lang='lat' dir='ltr'><strong>cero</strong></span> <span class='ocrx_word' id='word_1_18' title='bbox 400 693 439 760; x_wconf 87' lang='lat' dir='ltr'><strong>de</strong></span> <span class='ocrx_word' id='word_1_19' title='bbox 455 697 496 760; x_wconf 87' lang='lat' dir='ltr'><strong>N.</strong></span> <span class='ocrx_word' id='word_1_20' title='bbox 514 698 554 758; x_wconf 91' lang='lat' dir='ltr'><strong>D.</strong></span> <span class='ocrx_word' id='word_1_21' title='bbox 569 699 591 772; x_wconf 94' lang='lat' dir='ltr'><strong>l,</strong></span> <span class='ocrx_word' id='word_1_22' title='bbox 608 694 701 778; x_wconf 78' lang='lat' dir='ltr'><strong>w),</strong></span> <span class='ocrx_word' id='word_1_23' title='bbox 723 696 873 775; x_wconf 84' lang='lat' dir='ltr'><strong>ouiueque</strong></span> <span class='ocrx_word' id='word_1_24' title='bbox 896 693 978 756; x_wconf 89' lang='lat' dir='ltr'><strong>idem</strong></span> <span class='ocrx_word' id='word_1_25' title='bbox 999 692 1198 773; x_wconf 87' lang='lat' dir='ltr'><strong>propoeitum</strong></span> <span class='ocrx_word' id='word_1_26' title='bbox 1218 703 1300 768; x_wconf 82' lang='lat' dir='ltr'><strong>etet,</strong></span> <span class='ocrx_word' id='word_1_27' title='bbox 1332 712 1420 752; x_wconf 87' lang='lat' dir='ltr'><strong>cum</strong></span> 
     </span>
     <span class='ocr_line' id='line_1_5' title="bbox 306 793 1422 877; baseline -0.004 -17"><span class='ocrx_word' id='word_1_28' title='bbox 306 799 339 860; x_wconf 88' lang='lat' dir='ltr'><strong>ie</strong></span> <span class='ocrx_word' id='word_1_29' title='bbox 356 817 403 876; x_wconf 90' lang='lat' dir='ltr'><strong>eo,</strong></span> <span class='ocrx_word' id='word_1_30' title='bbox 426 811 506 860; x_wconf 88' lang='lat' dir='ltr'><strong>teete</strong></span> <span class='ocrx_word' id='word_1_31' title='bbox 526 797 640 859; x_wconf 79' lang='lat' dir='ltr'><strong>ibidem</strong></span> <span class='ocrx_word' id='word_1_32' title='bbox 661 797 786 860; x_wconf 86' lang='lat' dir='ltr'><strong>Velleio</strong></span> <span class='ocrx_word' id='word_1_33' title='bbox 806 795 889 877; x_wconf 77' lang='lat' dir='ltr'><strong>apud</strong></span> <span class='ocrx_word' id='word_1_34' title='bbox 905 796 1096 870; x_wconf 76' lang='lat' dir='ltr'><strong>Ciceronem,</strong></span> <span class='ocrx_word' id='word_1_35' title='bbox 1118 795 1245 860; x_wconf 83' lang='lat' dir='ltr'><strong>tolieret</strong></span> <span class='ocrx_word' id='word_1_36' title='bbox 1261 793 1422 856; x_wconf 85' lang='lat' dir='ltr'><strong>omniuo</strong></span> 
     </span>
     <span class='ocr_line' id='line_1_6' title="bbox 305 897 1419 983; baseline -0.006 -19"><span class='ocrx_word' id='word_1_37' title='bbox 305 902 415 964; x_wconf 80' lang='lat' dir='ltr'><strong>ioeitoe</strong></span> <span class='ocrx_word' id='word_1_38' title='bbox 441 913 684 983; x_wconf 69' lang='lat' dir='ltr'><strong>praeceptorque</strong></span> <span class='ocrx_word' id='word_1_39' title='bbox 710 901 902 979; x_wconf 79' lang='lat' dir='ltr'><strong>cognitiones</strong></span> <span class='ocrx_word' id='word_1_40' title='bbox 929 897 1078 976; x_wconf 64' lang='lat' dir='ltr'><strong>deor-nme</strong></span> <span class='ocrx_word' id='word_1_41' title='bbox 1106 897 1227 980; x_wconf 89' lang='lat' dir='ltr'><strong>inquo</strong></span> <span class='ocrx_word' id='word_1_42' title='bbox 1248 917 1329 960; x_wconf 90' lang='lat' dir='ltr'><strong>eum</strong></span> <span class='ocrx_word' id='word_1_43' title='bbox 1358 917 1419 958; x_wconf 86' lang='lat' dir='ltr'><strong>ee·</strong></span> 
     </span>
     <span class='ocr_line' id='line_1_7' title="bbox 307 996 1418 1085; baseline -0.003 -19"><span class='ocrx_word' id='word_1_44' title='bbox 307 1015 399 1066; x_wconf 89' lang='lat' dir='ltr'><strong>cutue</strong></span> <span class='ocrx_word' id='word_1_45' title='bbox 420 1015 467 1065; x_wconf 86' lang='lat' dir='ltr'><strong>eet</strong></span> <span class='ocrx_word' id='word_1_46' title='bbox 485 1003 655 1066; x_wconf 85' lang='lat' dir='ltr'><strong>Cornutue.</strong></span> <span class='ocrx_word' id='word_1_47' title='bbox 698 1003 782 1066; x_wconf 83' lang='lat' dir='ltr'><strong>Uene</strong></span> <span class='ocrx_word' id='word_1_48' title='bbox 805 1014 903 1064; x_wconf 79' lang='lat' dir='ltr'><strong>estet</strong></span> <span class='ocrx_word' id='word_1_49' title='bbox 924 1002 1009 1062; x_wconf 89' lang='lat' dir='ltr'><strong>illiue</strong></span> <span class='ocrx_word' id='word_1_50' title='bbox 1030 1000 1119 1061; x_wconf 79' lang='lat' dir='ltr'><strong>lihrie</strong></span> <span class='ocrx_word' id='word_1_51' title='bbox 1137 1002 1210 1085; x_wconf 72' lang='grc' dir='ltr'><strong>περὶ</strong></span> <span class='ocrx_word' id='word_1_52' title='bbox 1229 1003 1296 1082; x_wconf 72' lang='grc' dir='ltr'><strong>τῆς</strong></span> <span class='ocrx_word' id='word_1_53' title='bbox 1312 996 1418 1064; x_wconf 82' lang='lat' dir='ltr'><strong>‘El-</strong></span> 
     </span>
     <span class='ocr_line' id='line_1_8' title="bbox 307 1102 1415 1190; baseline -0.007 -20"><span class='ocrx_word' id='word_1_54' title='bbox 307 1107 444 1190; x_wconf 70' lang='grc' dir='ltr'><strong><em>ληνικὴε</em></strong></span> <span class='ocrx_word' id='word_1_55' title='bbox 463 1102 631 1180; x_wconf 71' lang='grc' dir='ltr'><strong>’παιδείας</strong></span> <span class='ocrx_word' id='word_1_56' title='bbox 661 1103 746 1185; x_wconf 81' lang='lat' dir='ltr'><strong>opud</strong></span> <span class='ocrx_word' id='word_1_57' title='bbox 775 1106 879 1167; x_wconf 72' lang='lat' dir='ltr'><strong>Inert.</strong></span> <span class='ocrx_word' id='word_1_58' title='bbox 911 1127 944 1184; x_wconf 87' lang='lat' dir='ltr'><strong>p.</strong></span> <span class='ocrx_word' id='word_1_59' title='bbox 967 1105 1041 1168; x_wconf 69' lang='grc'><strong>165.</strong></span> <span class='ocrx_word' id='word_1_60' title='bbox 1083 1102 1219 1164; x_wconf 80' lang='lat' dir='ltr'><strong>Proiecit</strong></span> <span class='ocrx_word' id='word_1_61' title='bbox 1250 1123 1267 1164; x_wconf 90' lang='lat' dir='ltr'><strong>e</strong></span> <span class='ocrx_word' id='word_1_62' title='bbox 1302 1103 1415 1164; x_wconf 77' lang='lat' dir='ltr'><strong>libris</strong></span> 
     </span>
     <span class='ocr_line' id='line_1_9' title="bbox 308 1202 1416 1292; baseline -0.004 -20"><span class='ocrx_word' id='word_1_63' title='bbox 308 1205 470 1272; x_wconf 84' lang='lat' dir='ltr'><strong>Cleenthie</strong></span> <span class='ocrx_word' id='word_1_64' title='bbox 491 1207 568 1290; x_wconf 77' lang='lat' dir='ltr'><strong>coepi</strong></span> <span class='ocrx_word' id='word_1_65' title='bbox 589 1205 761 1292; x_wconf 74' lang='lat' dir='ltr'><strong>ecov**),</strong></span> <span class='ocrx_word' id='word_1_66' title='bbox 784 1207 865 1291; x_wconf 76' lang='lat' dir='ltr'><strong>coepi</strong></span> <span class='ocrx_word' id='word_1_67' title='bbox 887 1202 1074 1292; x_wconf 71' lang='lat' dir='ltr'><strong>requiem,</strong></span> <span class='ocrx_word' id='word_1_68' title='bbox 1104 1205 1181 1287; x_wconf 68' lang='lat' dir='ltr'><strong>coepi</strong></span> <span class='ocrx_word' id='word_1_69' title='bbox 1202 1207 1265 1271; x_wconf 78' lang='lat' dir='ltr'><strong>cori</strong></span> <span class='ocrx_word' id='word_1_70' title='bbox 1287 1229 1416 1288; x_wconf 70' lang='grc' dir='ltr'><strong><em>ποιη-</em></strong></span> 
     </span>
     <span class='ocr_line' id='line_1_10' title="bbox 307 1303 1411 1398; baseline -0.009 -22"><span class='ocrx_word' id='word_1_71' title='bbox 307 1311 370 1376; x_wconf 82' lang='lat' dir='ltr'><strong>eoti</strong></span> <span class='ocrx_word' id='word_1_72' title='bbox 397 1323 431 1372; x_wconf 84' lang='lat' dir='ltr'><strong>et</strong></span> <span class='ocrx_word' id='word_1_73' title='bbox 448 1303 541 1392; x_wconf 69' lang='grc' dir='ltr'><strong>πρός</strong></span> <span class='ocrx_word' id='word_1_74' title='bbox 561 1305 802 1398; x_wconf 68' lang='grc' dir='ltr'><strong>Ἀρίσταρχον,</strong></span> <span class='ocrx_word' id='word_1_75' title='bbox 834 1311 867 1370; x_wconf 87' lang='lat' dir='ltr'><strong>in</strong></span> <span class='ocrx_word' id='word_1_76' title='bbox 889 1311 1002 1393; x_wconf 89' lang='lat' dir='ltr'><strong>quibue</strong></span> <span class='ocrx_word' id='word_1_77' title='bbox 1023 1307 1188 1386; x_wconf 74' lang='lat' dir='ltr'><strong>allegoriae</strong></span> <span class='ocrx_word' id='word_1_78' title='bbox 1209 1308 1411 1370; x_wconf 79' lang='lat' dir='ltr'><strong>Homericae</strong></span> 
     </span>
     <span class='ocr_line' id='line_1_11' title="bbox 309 1403 1410 1497; baseline 0 -25"><span class='ocrx_word' id='word_1_79' title='bbox 309 1423 498 1492; x_wconf 82' lang='lat' dir='ltr'><strong>expoeneret</strong></span> <span class='ocrx_word' id='word_1_80' title='bbox 518 1408 564 1494; x_wconf 82' lang='lat' dir='ltr'><strong>(r.</strong></span> <span class='ocrx_word' id='word_1_81' title='bbox 585 1412 691 1474; x_wconf 77' lang='lat' dir='ltr'><strong>Inert.</strong></span> <span class='ocrx_word' id='word_1_82' title='bbox 711 1434 744 1494; x_wconf 89' lang='lat' dir='ltr'><strong>p.</strong></span> <span class='ocrx_word' id='word_1_83' title='bbox 765 1413 859 1490; x_wconf 78' lang='lat'><strong>206),</strong></span> <span class='ocrx_word' id='word_1_84' title='bbox 891 1433 931 1474; x_wconf 84' lang='lat' dir='ltr'><strong>ex</strong></span> <span class='ocrx_word' id='word_1_85' title='bbox 955 1409 1093 1474; x_wconf 83' lang='lat' dir='ltr'><strong>einedem</strong></span> <span class='ocrx_word' id='word_1_86' title='bbox 1115 1403 1348 1497; x_wconf 74' lang='grc' dir='ltr'><strong>α’ρχαιολογίᾳ</strong></span> <span class='ocrx_word' id='word_1_87' title='bbox 1373 1419 1410 1468; x_wconf 89' lang='lat' dir='ltr'><strong>et</strong></span> 
     </span>
     <span class='ocr_line' id='line_1_12' title="bbox 308 1509 1409 1596; baseline -0.003 -22"><span class='ocrx_word' id='word_1_88' title='bbox 308 1512 398 1579; x_wconf 84' lang='lat' dir='ltr'><strong>librie</strong></span> <span class='ocrx_word' id='word_1_89' title='bbox 421 1513 476 1595; x_wconf 86' lang='lat' dir='ltr'><strong>qui</strong></span> <span class='ocrx_word' id='word_1_90' title='bbox 498 1512 681 1576; x_wconf 82' lang='lat' dir='ltr'><strong>dicebentur</strong></span> <span class='ocrx_word' id='word_1_91' title='bbox 710 1509 752 1580; x_wconf 77' lang='lat' dir='ltr'><strong>eei</strong></span> <span class='ocrx_word' id='word_1_92' title='bbox 781 1511 938 1596; x_wconf 53' lang='lat' dir='ltr'><strong>,laodonia</strong></span> <span class='ocrx_word' id='word_1_93' title='bbox 971 1533 1105 1596; x_wconf 84' lang='lat' dir='ltr'><strong>quorum</strong></span> <span class='ocrx_word' id='word_1_94' title='bbox 1126 1512 1268 1574; x_wconf 82' lang='lat' dir='ltr'><strong>meminit</strong></span> <span class='ocrx_word' id='word_1_95' title='bbox 1291 1512 1409 1574; x_wconf 77' lang='lat' dir='ltr'><strong>Athe·</strong></span> 
     </span>
     <span class='ocr_line' id='line_1_13' title="bbox 308 1608 1408 1697; baseline 0 -21"><span class='ocrx_word' id='word_1_96' title='bbox 308 1635 404 1677; x_wconf 88' lang='lat' dir='ltr'><strong>neeue</strong></span> <span class='ocrx_word' id='word_1_97' title='bbox 420 1617 503 1693; x_wconf 85' lang='lat' dir='ltr'><strong>Xlll,</strong></span> <span class='ocrx_word' id='word_1_98' title='bbox 525 1621 582 1676; x_wconf 72' lang='lat' dir='ltr'><strong>lte</strong></span> <span class='ocrx_word' id='word_1_99' title='bbox 604 1633 686 1697; x_wconf 81' lang='lat' dir='ltr'><strong>quoe</strong></span> <span class='ocrx_word' id='word_1_100' title='bbox 707 1617 838 1676; x_wconf 86' lang='lat' dir='ltr'><strong>lorteeee</strong></span> <span class='ocrx_word' id='word_1_101' title='bbox 860 1634 923 1676; x_wconf 90' lang='lat' dir='ltr'><strong>non</strong></span> <span class='ocrx_word' id='word_1_102' title='bbox 946 1613 1069 1676; x_wconf 77' lang='lat' dir='ltr'><strong>diverte</strong></span> <span class='ocrx_word' id='word_1_103' title='bbox 1092 1633 1159 1676; x_wconf 80' lang='lat' dir='ltr'><strong>eene</strong></span> <span class='ocrx_word' id='word_1_104' title='bbox 1180 1614 1311 1676; x_wconf 77' lang='lat' dir='ltr'><strong>olibrio</strong></span> <span class='ocrx_word' id='word_1_105' title='bbox 1336 1608 1408 1696; x_wconf 83' lang='lat' dir='ltr'><strong>c&#39;p·</strong></span> 
     </span>
     <span class='ocr_line' id='line_1_14' title="bbox 308 1716 1407 1805; baseline -0.005 -24"><span class='ocrx_word' id='word_1_106' title='bbox 308 1718 502 1805; x_wconf 70' lang='lat' dir='ltr'><strong>poenioyicc</strong></span> <span class='ocrx_word' id='word_1_107' title='bbox 519 1716 647 1778; x_wconf 81' lang='lat' dir='ltr'><strong>Lem-tio</strong></span> <span class='ocrx_word' id='word_1_108' title='bbox 665 1717 845 1779; x_wconf 86' lang='lat' dir='ltr'><strong>memoretie</strong></span> <span class='ocrx_word' id='word_1_109' title='bbox 858 1716 1035 1795; x_wconf 86' lang='lat' dir='ltr'><strong>euepicetuc</strong></span> <span class='ocrx_word' id='word_1_110' title='bbox 1050 1717 1213 1796; x_wconf 74' lang='lat' dir='ltr'><strong>Menegirn</strong></span> <span class='ocrx_word' id='word_1_111' title='bbox 1228 1717 1270 1778; x_wconf 85' lang='lat' dir='ltr'><strong>nd</strong></span> <span class='ocrx_word' id='word_1_112' title='bbox 1283 1718 1407 1778; x_wconf 68' lang='lat' dir='ltr'><strong>[meet.</strong></span> 
     </span>
     <span class='ocr_line' id='line_1_15' title="bbox 308 1818 1407 1901; baseline 0 -23"><span class='ocrx_word' id='word_1_113' title='bbox 308 1837 342 1896; x_wconf 91' lang='lat' dir='ltr'><strong>p.</strong></span> <span class='ocrx_word' id='word_1_114' title='bbox 361 1820 423 1880; x_wconf 78' lang='lat'><strong>198</strong></span> <span class='ocrx_word' id='word_1_115' title='bbox 446 1818 583 1900; x_wconf 84' lang='lat' dir='ltr'><strong>et&#39;quee</strong></span> <span class='ocrx_word' id='word_1_116' title='bbox 607 1821 735 1901; x_wconf 88' lang='lat' dir='ltr'><strong>reepicit</strong></span> <span class='ocrx_word' id='word_1_117' title='bbox 756 1819 915 1881; x_wconf 88' lang='lat' dir='ltr'><strong>Cornutne</strong></span> <span class='ocrx_word' id='word_1_118' title='bbox 937 1839 963 1878; x_wconf 88' lang='lat' dir='ltr'><strong>c.</strong></span> <span class='ocrx_word' id='word_1_119' title='bbox 981 1820 1040 1893; x_wconf 86' lang='grc'><strong>31,</strong></span> <span class='ocrx_word' id='word_1_120' title='bbox 1070 1829 1149 1878; x_wconf 79' lang='lat' dir='ltr'><strong>tecte</strong></span> <span class='ocrx_word' id='word_1_121' title='bbox 1172 1819 1316 1880; x_wconf 78' lang='lat' dir='ltr'><strong>Febricio</strong></span> <span class='ocrx_word' id='word_1_122' title='bbox 1341 1819 1407 1890; x_wconf 87' lang='grc' dir='ltr'><strong>ΙΙΙ,</strong></span> 
     </span>
     <span class='ocr_line' id='line_1_16' title="bbox 310 1919 1405 2004; baseline 0.002 -24"><span class='ocrx_word' id='word_1_123' title='bbox 310 1921 363 1982; x_wconf 81' lang='lat' dir='ltr'><strong>tt.</strong></span> <span class='ocrx_word' id='word_1_124' title='bbox 383 1921 418 1983; x_wconf 93' lang='grc' dir='ltr'><strong>Τ.</strong></span> <span class='ocrx_word' id='word_1_125' title='bbox 432 1922 469 1982; x_wconf 86' lang='grc' dir='ltr'><strong>ΙΙ.</strong></span> <span class='ocrx_word' id='word_1_126' title='bbox 490 1937 522 2001; x_wconf 89' lang='lat' dir='ltr'><strong>p.</strong></span> <span class='ocrx_word' id='word_1_127' title='bbox 533 1925 615 1998; x_wconf 77' lang='lat'><strong>8963</strong></span> <span class='ocrx_word' id='word_1_128' title='bbox 637 1922 693 2004; x_wconf 89' lang='lat' dir='ltr'><strong>qui</strong></span> <span class='ocrx_word' id='word_1_129' title='bbox 711 1920 827 1983; x_wconf 86' lang='lat' dir='ltr'><strong>ibidem</strong></span> <span class='ocrx_word' id='word_1_130' title='bbox 850 1919 936 1996; x_wconf 85' lang='lat' dir='ltr'><strong>dicit,</strong></span> <span class='ocrx_word' id='word_1_131' title='bbox 957 1919 1140 1982; x_wconf 74' lang='lat' dir='ltr'><strong>Cleanthen</strong></span> <span class='ocrx_word' id='word_1_132' title='bbox 1160 1920 1194 1981; x_wconf 92' lang='lat' dir='ltr'><strong>in</strong></span> <span class='ocrx_word' id='word_1_133' title='bbox 1216 1923 1275 1984; x_wconf 88' lang='lat' dir='ltr'><strong>hoo</strong></span> <span class='ocrx_word' id='word_1_134' title='bbox 1292 1941 1405 2001; x_wconf 83' lang='lat' dir='ltr'><strong>opere</strong></span> 
     </span>
     <span class='ocr_line' id='line_1_17' title="bbox 308 2019 1405 2104; baseline 0.002 -22"><span class='ocrx_word' id='word_1_135' title='bbox 308 2019 411 2083; x_wconf 80' lang='lat' dir='ltr'><strong>videri</strong></span> <span class='ocrx_word' id='word_1_136' title='bbox 435 2025 715 2088; x_wconf 76' lang='lat' dir='ltr'><strong>commentitiorum</strong></span> <span class='ocrx_word' id='word_1_137' title='bbox 743 2025 917 2089; x_wconf 77' lang='lat' dir='ltr'><strong>tubulorum</strong></span> <span class='ocrx_word' id='word_1_138' title='bbox 939 2020 1077 2084; x_wconf 63' lang='lat' dir='ltr'><strong>‘reddere</strong></span> <span class='ocrx_word' id='word_1_139' title='bbox 1103 2023 1273 2100; x_wconf 87' lang='lat' dir='ltr'><strong>cntionem,</strong></span> <span class='ocrx_word' id='word_1_140' title='bbox 1304 2021 1405 2104; x_wconf 89' lang='lat' dir='ltr'><strong>quod</strong></span> 
     </span>
     <span class='ocr_line' id='line_1_18' title="bbox 309 2123 1402 2205; baseline 0.002 -21"><span class='ocrx_word' id='word_1_141' title='bbox 309 2123 418 2186; x_wconf 85' lang='lat' dir='ltr'><strong>lecieee</strong></span> <span class='ocrx_word' id='word_1_142' title='bbox 438 2125 618 2201; x_wconf 87' lang='lat' dir='ltr'><strong>Zenonem,</strong></span> <span class='ocrx_word' id='word_1_143' title='bbox 649 2126 832 2188; x_wconf 78' lang='lat' dir='ltr'><strong>Cleanthem</strong></span> <span class='ocrx_word' id='word_1_144' title='bbox 858 2146 894 2187; x_wconf 83' lang='lat' dir='ltr'><strong>ec</strong></span> <span class='ocrx_word' id='word_1_145' title='bbox 915 2123 1130 2205; x_wconf 75' lang='lat' dir='ltr'><strong>Chrysippum</strong></span> <span class='ocrx_word' id='word_1_146' title='bbox 1156 2125 1255 2190; x_wconf 80' lang='lat' dir='ltr'><strong>trudit</strong></span> <span class='ocrx_word' id='word_1_147' title='bbox 1280 2125 1402 2186; x_wconf 86' lang='lat' dir='ltr'><strong>Cicero</strong></span> 
     </span>
     <span class='ocr_line' id='line_1_19' title="bbox 308 2222 1400 2303; baseline 0.003 -18"><span class='ocrx_word' id='word_1_148' title='bbox 308 2222 349 2284; x_wconf 84' lang='lat' dir='ltr'><strong>de</strong></span> <span class='ocrx_word' id='word_1_149' title='bbox 370 2223 412 2286; x_wconf 87' lang='lat' dir='ltr'><strong>N.</strong></span> <span class='ocrx_word' id='word_1_150' title='bbox 434 2227 477 2288; x_wconf 88' lang='lat' dir='ltr'><strong>D.</strong></span> <span class='ocrx_word' id='word_1_151' title='bbox 499 2227 551 2303; x_wconf 87' lang='grc' dir='ltr'><strong>ΙΙΙ,</strong></span> <span class='ocrx_word' id='word_1_152' title='bbox 572 2232 615 2288; x_wconf 77' lang='grc'><strong>24</strong></span> <span class='ocrx_word' id='word_1_153' title='bbox 636 2247 671 2288; x_wconf 85' lang='lat' dir='ltr'><strong>ec</strong></span> <span class='ocrx_word' id='word_1_154' title='bbox 693 2228 794 2288; x_wconf 81' lang='lat' dir='ltr'><strong>iecere</strong></span> <span class='ocrx_word' id='word_1_155' title='bbox 817 2226 990 2288; x_wconf 75' lang='lat' dir='ltr'><strong>Cornutum</strong></span> <span class='ocrx_word' id='word_1_156' title='bbox 1013 2225 1125 2292; x_wconf 78' lang='lat' dir='ltr'><strong>videre</strong></span> <span class='ocrx_word' id='word_1_157' title='bbox 1143 2240 1197 2290; x_wconf 86' lang='lat' dir='ltr'><strong>eet.</strong></span> <span class='ocrx_word' id='word_1_158' title='bbox 1241 2225 1330 2302; x_wconf 89' lang='lat' dir='ltr'><strong>Qune</strong></span> <span class='ocrx_word' id='word_1_159' title='bbox 1356 2225 1400 2288; x_wconf 93' lang='lat' dir='ltr'><strong>de</strong></span> 
     </span>
     <span class='ocr_line' id='line_1_20' title="bbox 308 2325 1397 2409; baseline 0.002 -23"><span class='ocrx_word' id='word_1_160' title='bbox 308 2325 383 2388; x_wconf 81' lang='lat' dir='ltr'><strong>love</strong></span> <span class='ocrx_word' id='word_1_161' title='bbox 406 2337 438 2386; x_wconf 86' lang='lat' dir='ltr'><strong>et</strong></span> <span class='ocrx_word' id='word_1_162' title='bbox 455 2327 572 2390; x_wconf 91' lang='lat' dir='ltr'><strong>lunone</strong></span> <span class='ocrx_word' id='word_1_163' title='bbox 594 2327 676 2392; x_wconf 81' lang='lat' dir='ltr'><strong>dixit</strong></span> <span class='ocrx_word' id='word_1_164' title='bbox 692 2329 860 2408; x_wconf 82' lang='lat' dir='ltr'><strong>Cornutus,</strong></span> <span class='ocrx_word' id='word_1_165' title='bbox 881 2351 916 2390; x_wconf 88' lang='lat' dir='ltr'><strong>ec</strong></span> <span class='ocrx_word' id='word_1_166' title='bbox 934 2328 1048 2409; x_wconf 82' lang='lat' dir='ltr'><strong>pertint</strong></span> <span class='ocrx_word' id='word_1_167' title='bbox 1067 2327 1240 2409; x_wconf 85' lang='lat' dir='ltr'><strong>deeumpeit</strong></span> <span class='ocrx_word' id='word_1_168' title='bbox 1256 2349 1273 2393; x_wconf 86' lang='lat' dir='ltr'><strong>e</strong></span> <span class='ocrx_word' id='word_1_169' title='bbox 1289 2327 1397 2409; x_wconf 82' lang='lat' dir='ltr'><strong>Chry·</strong></span> 
     </span>
     <span class='ocr_line' id='line_1_21' title="bbox 308 2426 1395 2516; baseline 0 -24"><span class='ocrx_word' id='word_1_170' title='bbox 308 2427 392 2508; x_wconf 83' lang='lat' dir='ltr'><strong>eippi</strong></span> <span class='ocrx_word' id='word_1_171' title='bbox 416 2432 491 2510; x_wconf 72' lang='grc' dir='ltr'><strong>περὶ</strong></span> <span class='ocrx_word' id='word_1_172' title='bbox 513 2431 577 2498; x_wconf 78' lang='lat' dir='ltr'><strong>enei</strong></span> <span class='ocrx_word' id='word_1_173' title='bbox 594 2426 672 2504; x_wconf 76' lang='grc' dir='ltr'><strong>Διὸς</strong></span> <span class='ocrx_word' id='word_1_174' title='bbox 694 2431 934 2516; x_wconf 71' lang='grc' dir='ltr'><strong>συγγράμματι</strong></span> <span class='ocrx_word' id='word_1_175' title='bbox 957 2443 989 2494; x_wconf 86' lang='lat' dir='ltr'><strong>et</strong></span> <span class='ocrx_word' id='word_1_176' title='bbox 1013 2432 1088 2514; x_wconf 82' lang='lat' dir='ltr'><strong>oepi</strong></span> <span class='ocrx_word' id='word_1_177' title='bbox 1104 2428 1232 2513; x_wconf 72' lang='grc' dir='ltr'><strong><em>Ἥρας,</em></strong></span> <span class='ocrx_word' id='word_1_178' title='bbox 1253 2448 1395 2512; x_wconf 84' lang='lat' dir='ltr'><strong>quorum</strong></span> 
     </span>
     <span class='ocr_line' id='line_1_22' title="bbox 310 2529 1394 2615; baseline 0.006 -27"><span class='ocrx_word' id='word_1_179' title='bbox 310 2529 453 2592; x_wconf 87' lang='lat' dir='ltr'><strong>meminit</strong></span> <span class='ocrx_word' id='word_1_180' title='bbox 475 2532 638 2611; x_wconf 77' lang='lat' dir='ltr'><strong>Menegiue</strong></span> <span class='ocrx_word' id='word_1_181' title='bbox 661 2533 701 2604; x_wconf 83' lang='lat' dir='ltr'><strong>ed</strong></span> <span class='ocrx_word' id='word_1_182' title='bbox 723 2535 827 2596; x_wconf 82' lang='lat' dir='ltr'><strong>[nort.</strong></span> <span class='ocrx_word' id='word_1_183' title='bbox 846 2555 879 2615; x_wconf 85' lang='lat' dir='ltr'><strong>p.</strong></span> <span class='ocrx_word' id='word_1_184' title='bbox 902 2537 965 2597; x_wconf 77' lang='lat'><strong>203</strong></span> <span class='ocrx_word' id='word_1_185' title='bbox 989 2533 1071 2614; x_wconf 90' lang='lat' dir='ltr'><strong>[Vil,</strong></span> <span class='ocrx_word' id='word_1_186' title='bbox 1093 2537 1168 2595; x_wconf 72' lang='lat' dir='ltr'><strong>tot.</strong></span> <span class='ocrx_word' id='word_1_187' title='bbox 1190 2556 1221 2615; x_wconf 87' lang='lat' dir='ltr'><strong>p.</strong></span> <span class='ocrx_word' id='word_1_188' title='bbox 1241 2537 1316 2597; x_wconf 72' lang='grc'><strong>345.</strong></span> <span class='ocrx_word' id='word_1_189' title='bbox 1334 2535 1394 2615; x_wconf 89' lang='lat' dir='ltr'><strong>b.].</strong></span> 
     </span>
     <span class='ocr_line' id='line_1_23' title="bbox 311 2629 1395 2716; baseline 0.006 -26"><span class='ocrx_word' id='word_1_190' title='bbox 311 2629 399 2705; x_wconf 81' lang='lat' dir='ltr'><strong>Quae</strong></span> <span class='ocrx_word' id='word_1_191' title='bbox 422 2630 461 2695; x_wconf 90' lang='lat' dir='ltr'><strong>de</strong></span> <span class='ocrx_word' id='word_1_192' title='bbox 482 2634 643 2710; x_wconf 77' lang='lat' dir='ltr'><strong>Minerva,</strong></span> <span class='ocrx_word' id='word_1_193' title='bbox 665 2657 700 2698; x_wconf 82' lang='lat' dir='ltr'><strong>en</strong></span> <span class='ocrx_word' id='word_1_194' title='bbox 723 2648 882 2698; x_wconf 89' lang='lat' dir='ltr'><strong>mutuetue</strong></span> <span class='ocrx_word' id='word_1_195' title='bbox 905 2648 950 2698; x_wconf 87' lang='lat' dir='ltr'><strong>eet</strong></span> <span class='ocrx_word' id='word_1_196' title='bbox 975 2657 992 2697; x_wconf 92' lang='lat' dir='ltr'><strong>c</strong></span> <span class='ocrx_word' id='word_1_197' title='bbox 1014 2637 1098 2698; x_wconf 80' lang='lat' dir='ltr'><strong>libro</strong></span> <span class='ocrx_word' id='word_1_198' title='bbox 1118 2636 1267 2714; x_wconf 77' lang='lat' dir='ltr'><strong>Diogenie</strong></span> <span class='ocrx_word' id='word_1_199' title='bbox 1288 2637 1395 2716; x_wconf 80' lang='lat' dir='ltr'><strong>Bnby·</strong></span> 
     </span>
     <span class='ocr_line' id='line_1_24' title="bbox 310 2732 1393 2818; baseline 0.006 -26"><span class='ocrx_word' id='word_1_200' title='bbox 310 2733 389 2795; x_wconf 89' lang='lat' dir='ltr'><strong>lonii</strong></span> <span class='ocrx_word' id='word_1_201' title='bbox 410 2732 525 2812; x_wconf 83' lang='lat' dir='ltr'><strong>Stoici,·</strong></span> <span class='ocrx_word' id='word_1_202' title='bbox 538 2738 604 2818; x_wconf 86' lang='lat' dir='ltr'><strong>qui,</strong></span> <span class='ocrx_word' id='word_1_203' title='bbox 624 2750 704 2798; x_wconf 89' lang='lat' dir='ltr'><strong>teete</strong></span> <span class='ocrx_word' id='word_1_204' title='bbox 724 2738 876 2799; x_wconf 87' lang='lat' dir='ltr'><strong>Cicerone</strong></span> <span class='ocrx_word' id='word_1_205' title='bbox 896 2736 935 2798; x_wconf 87' lang='lat' dir='ltr'><strong>de</strong></span> <span class='ocrx_word' id='word_1_206' title='bbox 957 2739 998 2798; x_wconf 89' lang='lat' dir='ltr'><strong>N.</strong></span> <span class='ocrx_word' id='word_1_207' title='bbox 1020 2739 1062 2800; x_wconf 92' lang='lat' dir='ltr'><strong>D.</strong></span> <span class='ocrx_word' id='word_1_208' title='bbox 1083 2739 1119 2813; x_wconf 87' lang='grc' dir='ltr'><strong>ΙΙ,</strong></span> <span class='ocrx_word' id='word_1_209' title='bbox 1138 2742 1178 2802; x_wconf 80' lang='lat' dir='ltr'><strong>to</strong></span> <span class='ocrx_word' id='word_1_210' title='bbox 1198 2739 1393 2800; x_wconf 83' lang='lat' dir='ltr'><strong>ineorihebo·</strong></span> 
     </span>
     <span class='ocr_line' id='line_1_25' title="bbox 311 2833 1391 2921; baseline 0.007 -28"><span class='ocrx_word' id='word_1_211' title='bbox 311 2845 364 2894; x_wconf 88' lang='lat' dir='ltr'><strong>tur</strong></span> <span class='ocrx_word' id='word_1_212' title='bbox 382 2833 422 2894; x_wconf 88' lang='lat' dir='ltr'><strong>de</strong></span> <span class='ocrx_word' id='word_1_213' title='bbox 443 2837 598 2914; x_wconf 81' lang='lat' dir='ltr'><strong>Minerrc,</strong></span> <span class='ocrx_word' id='word_1_214' title='bbox 620 2852 651 2901; x_wconf 86' lang='lat' dir='ltr'><strong>ct</strong></span> <span class='ocrx_word' id='word_1_215' title='bbox 673 2840 706 2898; x_wconf 89' lang='lat' dir='ltr'><strong>io</strong></span> <span class='ocrx_word' id='word_1_216' title='bbox 728 2859 792 2920; x_wconf 88' lang='lat' dir='ltr'><strong>quo</strong></span> <span class='ocrx_word' id='word_1_217' title='bbox 814 2851 938 2918; x_wconf 83' lang='lat' dir='ltr'><strong>portum</strong></span> <span class='ocrx_word' id='word_1_218' title='bbox 960 2840 1044 2902; x_wconf 80' lang='lat' dir='ltr'><strong>lovie</strong></span> <span class='ocrx_word' id='word_1_219' title='bbox 1066 2852 1233 2921; x_wconf 88' lang='lat' dir='ltr'><strong>ortumque</strong></span> <span class='ocrx_word' id='word_1_220' title='bbox 1249 2841 1391 2918; x_wconf 67' lang='lat' dir='ltr'><strong>Virginie</strong></span> 
     </span>
     <span class='ocr_line' id='line_1_26' title="bbox 312 2936 1391 3022; baseline 0.004 -22"><span class='ocrx_word' id='word_1_221' title='bbox 312 2936 352 3000; x_wconf 84' lang='lat' dir='ltr'><strong>od</strong></span> <span class='ocrx_word' id='word_1_222' title='bbox 374 2939 601 3021; x_wconf 74' lang='lat' dir='ltr'><strong>physiologiam</strong></span> <span class='ocrx_word' id='word_1_223' title='bbox 622 2939 804 3014; x_wconf 75' lang='lat' dir='ltr'><strong>traducem,</strong></span> <span class='ocrx_word' id='word_1_224' title='bbox 835 2940 944 3002; x_wconf 87' lang='lat' dir='ltr'><strong>eodem</strong></span> <span class='ocrx_word' id='word_1_225' title='bbox 967 2961 1097 3022; x_wconf 74' lang='lat' dir='ltr'><strong>prot-oue</strong></span> <span class='ocrx_word' id='word_1_226' title='bbox 1118 2941 1211 3006; x_wconf 86' lang='lat' dir='ltr'><strong>modo</strong></span> <span class='ocrx_word' id='word_1_227' title='bbox 1234 2941 1391 3022; x_wconf 84' lang='lat' dir='ltr'><strong>dieiunge·</strong></span> 
     </span>
     <span class='ocr_line' id='line_1_27' title="bbox 311 3040 1389 3128; baseline 0.004 -28"><span class='ocrx_word' id='word_1_228' title='bbox 311 3040 365 3100; x_wconf 81' lang='lat' dir='ltr'><strong>bnt</strong></span> <span class='ocrx_word' id='word_1_229' title='bbox 386 3062 405 3100; x_wconf 88' lang='lat' dir='ltr'><strong>u</strong></span> <span class='ocrx_word' id='word_1_230' title='bbox 425 3041 531 3102; x_wconf 76' lang='lat' dir='ltr'><strong>fabule</strong></span> <span class='ocrx_word' id='word_1_231' title='bbox 553 3061 617 3124; x_wconf 87' lang='lat' dir='ltr'><strong>quo</strong></span> <span class='ocrx_word' id='word_1_232' title='bbox 637 3055 747 3124; x_wconf 85' lang='lat' dir='ltr'><strong>poeten</strong></span> <span class='ocrx_word' id='word_1_233' title='bbox 764 3041 922 3106; x_wconf 83' lang='lat' dir='ltr'><strong>Cornutue</strong></span> <span class='ocrx_word' id='word_1_234' title='bbox 935 3043 1004 3128; x_wconf 54' lang='lat' dir='ltr'><strong>cup</strong></span> <span class='ocrx_word' id='word_1_235' title='bbox 1046 3041 1138 3108; x_wconf 86' lang='lat' dir='ltr'><strong>Unde</strong></span> <span class='ocrx_word' id='word_1_236' title='bbox 1157 3043 1314 3104; x_wconf 77' lang='lat' dir='ltr'><strong>lttnuctue</strong></span> <span class='ocrx_word' id='word_1_237' title='bbox 1331 3045 1389 3106; x_wconf 87' lang='lat' dir='ltr'><strong>Fe·</strong></span> 
     </span>
     <span class='ocr_line' id='line_1_28' title="bbox 311 3142 1387 3227; baseline 0.007 -27"><span class='ocrx_word' id='word_1_238' title='bbox 311 3143 358 3202; x_wconf 85' lang='lat' dir='ltr'><strong>lix</strong></span> <span class='ocrx_word' id='word_1_239' title='bbox 386 3163 418 3221; x_wconf 87' lang='lat' dir='ltr'><strong>p.</strong></span> <span class='ocrx_word' id='word_1_240' title='bbox 440 3147 482 3210; x_wconf 78' lang='lat'><strong>20</strong></span> <span class='ocrx_word' id='word_1_241' title='bbox 512 3145 615 3224; x_wconf 86' lang='lat' dir='ltr'><strong>[Xlli,</strong></span> <span class='ocrx_word' id='word_1_242' title='bbox 639 3148 747 3225; x_wconf 74' lang='grc'><strong>131).</strong></span> <span class='ocrx_word' id='word_1_243' title='bbox 769 3147 834 3208; x_wconf 80' lang='lat'><strong>124</strong></span> <span class='ocrx_word' id='word_1_244' title='bbox 856 3142 907 3207; x_wconf 83' lang='lat' dir='ltr'><strong>ed.</strong></span> <span class='ocrx_word' id='word_1_245' title='bbox 927 3144 1035 3227; x_wconf 81' lang='lat' dir='ltr'><strong>Lind]</strong></span> <span class='ocrx_word' id='word_1_246' title='bbox 1060 3145 1094 3206; x_wconf 88' lang='lat' dir='ltr'><strong>in</strong></span> <span class='ocrx_word' id='word_1_247' title='bbox 1119 3146 1234 3206; x_wconf 79' lang='lat' dir='ltr'><strong>locut</strong></span> <span class='ocrx_word' id='word_1_248' title='bbox 1260 3143 1295 3204; x_wconf 89' lang='lat' dir='ltr'><strong>in</strong></span> <span class='ocrx_word' id='word_1_249' title='bbox 1319 3147 1387 3208; x_wconf 87' lang='lat' dir='ltr'><strong>nliie</strong></span> 
     </span>
     <span class='ocr_line' id='line_1_29' title="bbox 311 3244 1386 3332; baseline 0.012 -31"><span class='ocrx_word' id='word_1_250' title='bbox 311 3244 390 3302; x_wconf 87' lang='lat' dir='ltr'><strong>bene</strong></span> <span class='ocrx_word' id='word_1_251' title='bbox 420 3246 527 3304; x_wconf 89' lang='lat' dir='ltr'><strong>multie</strong></span> <span class='ocrx_word' id='word_1_252' title='bbox 550 3245 732 3324; x_wconf 66' lang='lat' dir='ltr'><strong>Ciceronem</strong></span> <span class='ocrx_word' id='word_1_253' title='bbox 764 3249 808 3308; x_wconf 90' lang='lat' dir='ltr'><strong>eic</strong></span> <span class='ocrx_word' id='word_1_254' title='bbox 837 3247 1007 3328; x_wconf 73' lang='lat' dir='ltr'><strong>expromit:</strong></span> <span class='ocrx_word' id='word_1_255' title='bbox 1041 3249 1193 3332; x_wconf 76' lang='lat' dir='ltr'><strong>Babylonio</strong></span> <span class='ocrx_word' id='word_1_256' title='bbox 1214 3255 1298 3312; x_wconf 73' lang='lat' dir='ltr'><strong>enom</strong></span> <span class='ocrx_word' id='word_1_257' title='bbox 1319 3254 1386 3314; x_wconf 79' lang='lat' dir='ltr'><strong>Dio·</strong></span> 
     </span>
     <span class='ocr_line' id='line_1_30' title="bbox 309 3347 1384 3432; baseline 0.01 -29"><span class='ocrx_word' id='word_1_258' title='bbox 309 3350 374 3422; x_wconf 73' lang='lat' dir='ltr'><strong>peni</strong></span> <span class='ocrx_word' id='word_1_259' title='bbox 393 3347 543 3427; x_wconf 78' lang='lat' dir='ltr'><strong>dirciphhn</strong></span> <span class='ocrx_word' id='word_1_260' title='bbox 563 3362 604 3416; x_wconf 72' lang='lat' dir='ltr'><strong>en</strong></span> <span class='ocrx_word' id='word_1_261' title='bbox 620 3351 777 3428; x_wconf 75' lang='lat' dir='ltr'><strong>exponendi</strong></span> <span class='ocrx_word' id='word_1_262' title='bbox 797 3362 824 3412; x_wconf 81' lang='lat' dir='ltr'><strong>et</strong></span> <span class='ocrx_word' id='word_1_263' title='bbox 843 3349 1009 3425; x_wconf 63' lang='lat' dir='ltr'><strong>dissererent,</strong></span> <span class='ocrx_word' id='word_1_264' title='bbox 1025 3355 1098 3412; x_wconf 81' lang='lat' dir='ltr'><strong>Iccio</strong></span> <span class='ocrx_word' id='word_1_265' title='bbox 1113 3366 1230 3432; x_wconf 66' lang='lat' dir='ltr'><strong>potorem</strong></span> <span class='ocrx_word' id='word_1_266' title='bbox 1251 3366 1278 3416; x_wconf 81' lang='lat' dir='ltr'><strong>et</strong></span> <span class='ocrx_word' id='word_1_267' title='bbox 1297 3366 1384 3415; x_wconf 75' lang='lat' dir='ltr'><strong>ortum</strong></span> 
     </span>
     <span class='ocr_line' id='line_1_31' title="bbox 310 3449 1382 3532; baseline 0.01 -27"><span class='ocrx_word' id='word_1_268' title='bbox 310 3449 454 3508; x_wconf 76' lang='lat' dir='ltr'><strong>Mineruae</strong></span> <span class='ocrx_word' id='word_1_269' title='bbox 477 3461 503 3510; x_wconf 83' lang='lat' dir='ltr'><strong>et</strong></span> <span class='ocrx_word' id='word_1_270' title='bbox 524 3451 576 3510; x_wconf 82' lang='lat' dir='ltr'><strong>hoo</strong></span> <span class='ocrx_word' id='word_1_271' title='bbox 597 3473 685 3530; x_wconf 70' lang='lat' dir='ltr'><strong>genus</strong></span> <span class='ocrx_word' id='word_1_272' title='bbox 708 3463 802 3512; x_wconf 82' lang='lat' dir='ltr'><strong>cetero</strong></span> <span class='ocrx_word' id='word_1_273' title='bbox 823 3474 919 3512; x_wconf 78' lang='lat' dir='ltr'><strong>rerum</strong></span> <span class='ocrx_word' id='word_1_274' title='bbox 941 3455 1078 3516; x_wconf 83' lang='lat' dir='ltr'><strong>vocabulo</strong></span> <span class='ocrx_word' id='word_1_275' title='bbox 1099 3476 1166 3532; x_wconf 76' lang='lat' dir='ltr'><strong>eree,</strong></span> <span class='ocrx_word' id='word_1_276' title='bbox 1187 3479 1241 3518; x_wconf 82' lang='lat' dir='ltr'><strong>nuo</strong></span> <span class='ocrx_word' id='word_1_277' title='bbox 1263 3459 1382 3519; x_wconf 81' lang='lat' dir='ltr'><strong>deorueu.</strong></span> 
     </span>
    </p>
   </div>
   <div class='ocr_carea' id='block_1_3' title="bbox 312 3648 1380 3986">
    <p class='ocr_par' dir='ltr' id='par_1_3' title="bbox 312 3648 1380 3898">
     <span class='ocr_line' id='line_1_32' title="bbox 383 3648 1380 3729; baseline 0.011 -28"><span class='ocrx_word' id='word_1_278' title='bbox 383 3648 407 3716; x_wconf 80' lang='lat'><strong>‘)</strong></span> <span class='ocrx_word' id='word_1_279' title='bbox 426 3648 495 3717; x_wconf 84' lang='lat' dir='ltr'><strong>[Suo</strong></span> <span class='ocrx_word' id='word_1_280' title='bbox 520 3649 713 3720; x_wconf 75' lang='lat' dir='ltr'><strong>interpretandi</strong></span> <span class='ocrx_word' id='word_1_281' title='bbox 737 3651 820 3704; x_wconf 85' lang='lat' dir='ltr'><strong>modo</strong></span> <span class='ocrx_word' id='word_1_282' title='bbox 845 3649 983 3714; x_wconf 79' lang='lat' dir='ltr'><strong>Zenonem</strong></span> <span class='ocrx_word' id='word_1_283' title='bbox 1009 3653 1116 3708; x_wconf 79' lang='lat' dir='ltr'><strong>fleniodi</strong></span> <span class='ocrx_word' id='word_1_284' title='bbox 1141 3659 1221 3710; x_wconf 68' lang='grc' dir='ltr'><strong>εΙὶαπι</strong></span> <span class='ocrx_word' id='word_1_285' title='bbox 1245 3658 1335 3729; x_wconf 81' lang='lat' dir='ltr'><strong>Opere</strong></span> <span class='ocrx_word' id='word_1_286' title='bbox 1359 3671 1380 3712; x_wconf 88' lang='lat' dir='ltr'><strong>et</strong></span> 
     </span>
     <span class='ocr_line' id='line_1_33' title="bbox 313 3737 1379 3812; baseline 0.008 -22"><span class='ocrx_word' id='word_1_287' title='bbox 313 3737 376 3790; x_wconf 80' lang='lat' dir='ltr'><strong>Dies</strong></span> <span class='ocrx_word' id='word_1_288' title='bbox 393 3747 514 3804; x_wconf 73' lang='lat' dir='ltr'><strong>tentante,</strong></span> <span class='ocrx_word' id='word_1_289' title='bbox 531 3758 562 3791; x_wconf 79' lang='lat' dir='ltr'><strong>ee</strong></span> <span class='ocrx_word' id='word_1_290' title='bbox 581 3757 637 3790; x_wconf 88' lang='lat' dir='ltr'><strong>uno</strong></span> <span class='ocrx_word' id='word_1_291' title='bbox 655 3749 820 3792; x_wconf 73' lang='lat' dir='ltr'><strong>certe-versu</strong></span> <span class='ocrx_word' id='word_1_292' title='bbox 837 3743 888 3793; x_wconf 73' lang='lat'><strong>2⁹1</strong></span> <span class='ocrx_word' id='word_1_293' title='bbox 907 3752 988 3811; x_wconf 82' lang='lat' dir='ltr'><strong>petet,</strong></span> <span class='ocrx_word' id='word_1_294' title='bbox 1007 3753 1071 3796; x_wconf 77' lang='lat' dir='ltr'><strong>lette</strong></span> <span class='ocrx_word' id='word_1_295' title='bbox 1089 3743 1125 3797; x_wconf 84' lang='lat' dir='ltr'><strong>ihi</strong></span> <span class='ocrx_word' id='word_1_296' title='bbox 1145 3743 1251 3812; x_wconf 76' lang='lat' dir='ltr'><strong>lirocio,</strong></span> <span class='ocrx_word' id='word_1_297' title='bbox 1272 3748 1317 3800; x_wconf 89' lang='lat' dir='ltr'><strong>ubi</strong></span> <span class='ocrx_word' id='word_1_298' title='bbox 1330 3748 1379 3800; x_wconf 82' lang='lat' dir='ltr'><strong>eidc</strong></span> 
     </span>
     <span class='ocr_line' id='line_1_34' title="bbox 312 3826 641 3898; baseline 0.006 -20"><span class='ocrx_word' id='word_1_299' title='bbox 312 3843 381 3898; x_wconf 78' lang='lat' dir='ltr'><strong>quae</strong></span> <span class='ocrx_word' id='word_1_300' title='bbox 398 3826 519 3880; x_wconf 76' lang='lat' dir='ltr'><strong>Heinsius</strong></span> <span class='ocrx_word' id='word_1_301' title='bbox 536 3826 641 3893; x_wconf 76' lang='lat' dir='ltr'><strong>attulit]</strong></span> 
     </span>
    </p>

    <p class='ocr_par' dir='ltr' id='par_1_4' title="bbox 371 3913 1370 3986">
     <span class='ocr_line' id='line_1_35' title="bbox 371 3913 1370 3986; baseline 0.009 -21"><span class='ocrx_word' id='word_1_302' title='bbox 371 3913 408 3981; x_wconf 69' lang='lat'><strong>¹²)</strong></span> <span class='ocrx_word' id='word_1_303' title='bbox 427 3913 479 3980; x_wconf 87' lang='lat' dir='ltr'><strong>[De</strong></span> <span class='ocrx_word' id='word_1_304' title='bbox 498 3913 549 3968; x_wconf 89' lang='lat' dir='ltr'><strong>hoc</strong></span> <span class='ocrx_word' id='word_1_305' title='bbox 567 3913 636 3968; x_wconf 85' lang='lat' dir='ltr'><strong>libro</strong></span> <span class='ocrx_word' id='word_1_306' title='bbox 654 3913 733 3984; x_wconf 75' lang='lat' dir='ltr'><strong>Diog.</strong></span> <span class='ocrx_word' id='word_1_307' title='bbox 751 3914 835 3968; x_wconf 77' lang='lat' dir='ltr'><strong>Laert.</strong></span> <span class='ocrx_word' id='word_1_308' title='bbox 856 3914 912 3979; x_wconf 89' lang='lat' dir='ltr'><strong>Vll,</strong></span> <span class='ocrx_word' id='word_1_309' title='bbox 926 3917 988 3968; x_wconf 79' lang='lat' dir='ltr'><strong>tte.</strong></span> <span class='ocrx_word' id='word_1_310' title='bbox 1025 3914 1068 3968; x_wconf 80' lang='lat' dir='ltr'><strong>cf.</strong></span> <span class='ocrx_word' id='word_1_311' title='bbox 1087 3915 1143 3971; x_wconf 91' lang='lat' dir='ltr'><strong>Cic.</strong></span> <span class='ocrx_word' id='word_1_312' title='bbox 1162 3919 1196 3973; x_wconf 90' lang='lat' dir='ltr'><strong>de</strong></span> <span class='ocrx_word' id='word_1_313' title='bbox 1214 3920 1245 3973; x_wconf 78' lang='lat' dir='ltr'><strong>tt.</strong></span> <span class='ocrx_word' id='word_1_314' title='bbox 1260 3921 1293 3973; x_wconf 93' lang='grc' dir='ltr'><strong>Ι).</strong></span> <span class='ocrx_word' id='word_1_315' title='bbox 1313 3921 1370 3986; x_wconf 70' lang='lat' dir='ltr'><strong>tlt</strong></span> 
     </span>
    </p>
   </div>
   <div class='ocr_carea' id='block_1_4' title="bbox 312 3996 1375 4160">
    <p class='ocr_par' dir='ltr' id='par_1_5' title="bbox 312 3996 1375 4160">
     <span class='ocr_line' id='line_1_36' title="bbox 312 3996 1375 4072; baseline 0.011 -24"><span class='ocrx_word' id='word_1_316' title='bbox 312 3996 446 4051; x_wconf 81' lang='lat' dir='ltr'><strong>Plutarch.</strong></span> <span class='ocrx_word' id='word_1_317' title='bbox 463 4001 504 4060; x_wconf 67' lang='lat' dir='ltr'><strong>fde</strong></span> <span class='ocrx_word' id='word_1_318' title='bbox 529 4000 789 4056; x_wconf 73' lang='lat' dir='ltr'><strong>coturnumuotitiie</strong></span> <span class='ocrx_word' id='word_1_319' title='bbox 817 4021 843 4072; x_wconf 84' lang='lat' dir='ltr'><strong>p.</strong></span> <span class='ocrx_word' id='word_1_320' title='bbox 862 4004 942 4056; x_wconf 74' lang='lat' dir='ltr'><strong>idid.</strong></span> <span class='ocrx_word' id='word_1_321' title='bbox 976 4001 1095 4058; x_wconf 76' lang='lat' dir='ltr'><strong>ctatctd.</strong></span> <span class='ocrx_word' id='word_1_322' title='bbox 1121 4007 1149 4059; x_wconf 82' lang='lat' dir='ltr'><strong>in</strong></span> <span class='ocrx_word' id='word_1_323' title='bbox 1174 4005 1314 4062; x_wconf 73' lang='lat' dir='ltr'><strong>Timaeum</strong></span> <span class='ocrx_word' id='word_1_324' title='bbox 1336 4009 1375 4062; x_wconf 83' lang='lat' dir='ltr'><strong>tot.</strong></span> 
     </span>
     <span class='ocr_line' id='line_1_37' title="bbox 313 4083 964 4160; baseline 0.014 -24"><span class='ocrx_word' id='word_1_325' title='bbox 313 4083 429 4136; x_wconf 84' lang='grc' dir='ltr'><strong>ΧΧΧΙΧ.</strong></span> <span class='ocrx_word' id='word_1_326' title='bbox 447 4103 471 4138; x_wconf 86' lang='lat' dir='ltr'><strong>e.</strong></span> <span class='ocrx_word' id='word_1_327' title='bbox 489 4087 530 4140; x_wconf 87' lang='lat' dir='ltr'><strong>ed.</strong></span> <span class='ocrx_word' id='word_1_328' title='bbox 550 4090 656 4144; x_wconf 69' lang='lat' dir='ltr'><strong>herene.</strong></span> <span class='ocrx_word' id='word_1_329' title='bbox 675 4087 829 4142; x_wconf 76' lang='lat' dir='ltr'><strong>hince-chine</strong></span> <span class='ocrx_word' id='word_1_330' title='bbox 849 4091 964 4160; x_wconf 75' lang='lat' dir='ltr'><strong>pontion]</strong></span> 
     </span>
    </p>
   </div>
   <div class='ocr_carea' id='block_1_5' title="bbox 360 4171 850 4244">
    <p class='ocr_par' dir='ltr' id='par_1_6' title="bbox 360 4171 850 4244">
     <span class='ocr_line' id='line_1_38' title="bbox 360 4171 850 4244; baseline 0.018 -21"><span class='ocrx_word' id='word_1_331' title='bbox 360 4171 409 4238; x_wconf 78' lang='lat' dir='ltr'><strong>u⁹)</strong></span> <span class='ocrx_word' id='word_1_332' title='bbox 427 4171 473 4238; x_wconf 84' lang='lat' dir='ltr'><strong>[V.</strong></span> <span class='ocrx_word' id='word_1_333' title='bbox 492 4187 581 4230; x_wconf 78' lang='lat' dir='ltr'><strong>notato</strong></span> <span class='ocrx_word' id='word_1_334' title='bbox 600 4178 633 4230; x_wconf 87' lang='lat' dir='ltr'><strong>nd</strong></span> <span class='ocrx_word' id='word_1_335' title='bbox 652 4176 736 4238; x_wconf 80' lang='lat' dir='ltr'><strong>Corn.</strong></span> <span class='ocrx_word' id='word_1_336' title='bbox 754 4197 778 4233; x_wconf 89' lang='lat' dir='ltr'><strong>c.</strong></span> <span class='ocrx_word' id='word_1_337' title='bbox 795 4179 850 4244; x_wconf 76' lang='lat' dir='ltr'><strong>tu]</strong></span> 
     </span>
    </p>
   </div>
   <div class='ocr_carea' id='block_1_6' title="bbox 0 0 1499 4836">
    <p class='ocr_par' dir='ltr' id='par_1_7' title="bbox 0 0 1499 4836">
     <span class='ocr_line' id='line_1_39' title="bbox 0 0 1499 4836; baseline 0 0"><span class='ocrx_word' id='word_1_338' title='bbox 0 0 1499 4836; x_wconf 95' lang='lat' dir='ltr'><strong> </strong></span> 
     </span>
    </p>
   </div>
  </div>
 </body>
</html>
