2972 4836
556 351 790 398 *Vll-

128 523 213 569 rero
231 497 450 596 assequendo
467 497 594 599 quibus
613 501 656 572 de
673 502 803 574 naumis
822 521 902 600 post
918 501 1095 592 destiterit,
1118 505 1212 606 quod

129 599 166 670 in
195 595 302 671 altera
329 599 475 699 epistola
498 601 608 681 eidam
634 603 868 700 Bibrnstablio
901 605 1099 704 exposuisse
1134 633 1210 679 eura

131 699 234 773 relert
262 701 447 776 Martinius
473 731 507 804 p.
528 705 572 793 sl,
598 706 748 801 ignoro,
767 730 872 804 quum
898 707 1123 807 Bjiirustalrlii
1152 707 1211 784 lti-

127 803 328 892 aerarium,
353 805 451 879 euius
477 803 587 880 Tomis
607 807 666 880 lll.
687 833 725 907 p.
743 807 819 883 341
847 808 928 882 edit.
954 807 1211 910 Belgicaeepi·

127 902 216 976 stola
244 903 303 977 illa
327 906 455 980 inserta
482 903 628 996 dieitur,
654 909 823 1008 inspicere
851 931 923 985 non
946 910 1088 984 licuerit.
1140 915 1210 986 To-

129 1025 187 1079 tus
211 1033 293 1079 vero
320 1008 436 1095 labor,
474 1010 609 1109 qualern
639 1011 904 1086 Villoisonueet
928 1013 1157 1087 meditabatur
1180 1032 1212 1087 et

130 1135 224 1181 nune
248 1109 487 1209 imperfectum
515 1113 558 1185 in·
583 1113 721 1188 sebedis
754 1113 910 1215 reliquit,
944 1115 1053 1190 trihus
1079 1132 1212 1190 constat

128 1205 299 1308 partibus,
314 1213 494 1287 verborum
511 1228 667 1289 oontettu
679 1215 893 1313 relingendo,
908 1218 1161 1292 commentariis
1175 1219 1210 1290 in

131 1313 221 1385 bunc
244 1313 451 1404 scribendis,
468 1315 666 1392 xdoctrinata
689 1319 838 1417 denique
856 1320 1018 1409 Stoicum,
1043 1330 1212 1420 quatinus

133 1414 176 1485 ad
188 1413 334 1489 Cornuti
355 1415 506 1490 libellum
531 1421 708 1518 pertineat,
734 1419 964 1520 disputatione
986 1423 1148 1494 coninua
1168 1421 1212 1494 de

7 1523 10 1544 ⁵
137 1515 303 1613 theologia
342 1518 537 1594 Stoicorum
573 1521 716 1625 physica
755 1521 967 1610 enarrando;
1008 1522 1051 1595 de
1086 1523 1211 1621 quibus

130 1645 221 1690 nanc
240 1618 451 1716 singulatim,
476 1642 512 1696 ut
533 1649 595 1722 par
613 1642 673 1716 est,
692 1623 864 1714 dicturus,
889 1652 957 1698 non
978 1621 1088 1698 solunt
1107 1649 1209 1724 quam

130 1721 307 1793 materiam
344 1722 490 1798 schedae
519 1725 787 1800 Villoisonianae
821 1726 1073 1828 suppeditarim
1108 1751 1211 1825 expo·

129 1887 295 1966 Angustia,
314 1889 475 1963 Iuctanee,
499 1843 631 1961 Aruobe,
646 1853 841 1951 ¹Tertullien.¹
885 1887 957 1952 Nou
979 1903 1105 1952 content
1126 1889 1211 1952 tl’ex·

128 1973 255 2054 pliquer
279 1976 324 2034 les
346 1973 471 2054 dogmas
493 1971 545 2033 eles
566 1973 735 2049 statuistis,
769 1975 816 2053 j‘ai
843 1974 925 2038 aussi
947 1978 1043 2037 roulu
1066 1968 1212 2056 indiquer

7 2081 8 2094 ¹
127 2059 176 2116 les
203 2077 324 2120 sources
348 2053 391 2121 oia
416 2060 457 2119 its
479 2071 532 2118 out
560 2055 658 2138 puisi:
708 2055 838 2120 Gieirou
860 2078 1024 2138 remarque
1044 2059 1136 2137 qu’ila
1156 2069 1211 2118 out

128 2144 291 2221 bsauooop
311 2143 401 2224 copis
423 2141 587 2216 Heraclito,
609 2153 733 2205 eumont
753 2161 835 2223 pour
856 2144 886 2204 la
910 2143 1114 2224 physiologia.
1155 2142 1212 2202 J'ai

127 2227 279 2309 aptique
300 2251 358 2307 par
376 2229 514 2290 oeoasiou
535 2230 567 2290 le
585 2227 694 2306 dogma
714 2227 753 2290 da
773 2249 807 2292 ea
824 2229 1013 2308 philosophe
1029 2226 1210 2302 tinebraurr,

128 2324 157 2372 et
181 2313 233 2388 j‘ai
257 2313 361 2378 itudie
381 2311 400 2374 b
421 2311 496 2378 loutl
522 2313 726 2394 Hippocrate,
759 2313 815 2396 qui
836 2334 874 2375 en
897 2313 972 2376 etoit
990 2311 1089 2394 grand
1112 2313 1209 2394 parti·

127 2415 200 2474 san,
233 2415 264 2460 er
286 2401 342 2480 qui
363 2419 442 2460 nous
463 2422 480 2460 a
503 2397 649 2462 coasnvt
669 2401 829 2480 beaucoup
856 2397 894 2459 de
920 2419 968 2462 sea
989 2399 1112 2477 dogmas
1134 2396 1210 2462 dans

127 2501 172 2543 ses
196 2479 299 2544 irrita.
341 2483 400 2546 Iaes
426 2504 575 2564 ouvrages
605 2481 643 2544 de
671 2483 861 2558 Galienjet
886 2495 1007 2545 surtont
1033 2504 1089 2544 son
1121 2482 1211 2544 traitel

127 2569 164 2628 ele
180 2571 294 2647 pluer'n's
316 2569 498 2650 proerun‘r
521 2583 547 2631 et
567 2567 709 2646 Platonis,
740 2567 834 2629 m’ont
862 2567 911 2629 έιέ
938 2568 1011 2630 d'un
1039 2566 1135 2646 grand
1163 2586 1210 2629 se-

127 2671 227 2713 cotnra
269 2653 331 2714 Les
353 2653 503 2716 Steteieue
523 2666 580 2718 out
601 2655 683 2716 aussi
704 2653 746 2715 du
767 2667 896 2732 rapport
916 2673 990 2714 aree
1012 2654 1151 2733 Hippase
1170 2649 1211 2714 ds

126 2736 291 2817 blitapout
312 2750 342 2801 et
363 2739 556 2816 Parmenide,
574 2740 771 2820 quelqueloia
786 2740 884 2800 rueme
896 2759 972 2800 arec
988 2739 1112 2800 Platon.
1152 2735 1210 2798 t‘ai

128 2823 249 2886 mentre
271 2845 333 2904 que
355 2845 389 2884 ea
411 2825 504 2907 qu’ila
521 2838 580 2894 ‚out
601 2823 639 2888 tle
660 2839 802 2886 cotntuuu
828 2839 902 2886 avec
928 2843 962 2889 ee
983 2821 1080 2902 grand
1099 2820 1209 2900 pbilo-

126 2910 243 2988 sopbe,
267 2910 293 2970 il
313 2909 419 2970 l'avoit
440 2911 504 2990 pris
526 2910 573 2972 lui
594 2909 691 2972 rueme
712 2907 750 2970 de
770 2907 896 2986 Timie,
922 2919 952 2971 et
974 2907 1081 2973 Times
1102 2908 1134 2972 le
1155 2904 1208 2968 de·
1237 2928 1242 2941 ¹

129 2993 193 3054 voit
214 2989 233 3052 *a
254 2994 438 3074 Pythagora.
482 2993 561 3056 C'est
583 3015 618 3056 ca
638 3016 699 3075 que
723 2994 772 3070 j’ai
793 2995 860 3055 eoin
883 2992 922 3053 de
941 3011 1131 3076 remarquer.
1174 2991 1209 3070 Je

124 3077 254 3154 'regarde
272 3079 445 3158 Pythagora
464 3099 580 3141 comrns
599 3073 756 3140 l’Houabre
777 3077 829 3138 des
851 3077 1065 3154 philosopher.
1109 3075 1210 3134 Omnes

128 3165 199 3224 illius
212 3163 337 3242 sontibus
355 3168 479 3226 bonulus
497 3170 791 3239 suos·irrl3aeerunt.'
820 3160 885 3220 sl'ai
906 3158 989 3220 aussi
1009 3160 1044 3219 lu
1066 3173 1140 3218 avec
1162 3169 1208 3218 at·

7 3249 10 3266 '
131 3247 252 3307 teatioa
273 3259 339 3310 tout
359 3269 395 3310 re
415 3269 476 3330 que
497 3253 542 3310 lea
570 3245 731 3309 modernus
752 3256 807 3306 out
833 3243 909 3306 ierit
933 3263 988 3306 sur
1010 3247 1042 3305 la
1070 3243 1208 3323 philuro·

132 3331 208 3410 pbie
231 3332 387 3408 aucieuue.
431 3331 711 3407 cheminiaisaut,
739 3329 789 3408 j’ai
810 3329 859 3392 etl
882 3326 900 3392 b
924 3329 1032 3408 portes
1052 3325 1089 3389 de
1110 3329 1207 3390 corri-

127 3435 183 3496 gar
203 3427 232 3476 et
254 3415 450 3502 d’expliquer
470 3439 533 3491 uue
553 3419 639 3480 loule
661 3415 700 3479 de
720 3435 860 3498 passages
882 3413 920 3478 de
939 3412 1079 3488 Ciceros,
1098 3411 1136 3474 de
1152 3411 1206 3483 Si·

129 3495 239 3584 neque,
262 3501 301 3563 (le
320 3504 502 3586 Plutarque,
524 3499 563 3566 de
584 3501 706 3578 Stasea,
727 3499 880 3578 tl’Arrien,
908 3509 975 3573 etc.,
996 3498 1073 3560 dont
1093 3496 1208 3558 l'intel-

127 3585 244 3664 ligones
266 3586 387 3668 dipenrl
408 3587 447 3653 da
468 3589 499 3653 ta
518 3587 649 3668 parlaite
670 3586 887 3648 conuoiasauee
904 3583 942 3644 de
959 3587 991 3646 la
1008 3579 1208 3664 philosophie

126 3671 286 3733 audeone.
329 3671 365 3734 le
394 3693 443 3736 ure
472 3675 539 3736 auls·
563 3683 695 3734 surtuut·
710 3669 860 3752 appliqui
888 3666 906 3730 i
936 3679 1074 3730 montrer
1093 3666 1207 3728 l'ordre

7 3767 9 3774 '
126 3767 156 3818 et
177 3756 436 3820 l'enehalnement
458 3757 511 3820 des
532 3758 688 3838 prinsipes
707 3763 860 3838 stuiquea,
886 3755 942 3834 qui
963 3767 1034 3816 sont
1055 3753 1206 3814 extrema·

126 3853 211 3902 morat
232 3842 307 3919 liis,
336 3857 370 3907 ‚et
393 3841 498 3924 par-lb
523 3843 574 3922 j’ai
601 3841 695 3908 nuri
717 3841 878 3920 plusieurs
907 3837 946 3912 ,tle
973 3843 1059 3900 leurs
1087 3845 1207 3896 coutra-

127 3925 258 3994 diutione
288 3941 480 4010 apparentes.
533 3927 663 3995 Ciciron
694 3940 723 4020 pt
761 3925 871 4004 Golieu
905 3931 1101 4002 remusqueut
1133 3939 1206 3983 arec

129 4013 287 4094 beaucoup
310 4011 348 4072 de
369 4015 470 4075 raison
520 4015 587 4074 u'on
613 4017 656 4076 lea
684 4003 814 4094 critique
841 4019 971 4071 souveut
992 4027 1063 4068 sans
1085 4008 1130 4067 lea
1152 4026 1206 4066 eu·

129 4093 263 4158 tendre.”
306 4100 388 4160 Haec
409 4036 578 4162 itte'olim:
604 4097 777 4180 exquibus
799 4108 860 4156 non
888 4091 988 4153 solum
1011 4091 1205 4174 perspicitur,

128 4191 275 4262 quantana
297 4201 402 4246 euram
425 4185 456 4245 in
481 4187 538 4246 lroe
559 4201 653 4263 opere
675 4179 815 4260 parando
831 4179 1037 4252 cbllornverll,
1058 4176 1109 4238 setl
1129 4173 1204 4256 quid

128 4269 255 4330 amano
276 4271 399 4332 seruitii
419 4272 452 4334 in
475 4289 511 4332 eo
531 4281 654 4332 secutus
678 4265 727 4328 sit,
830 4311 833 4320 ,
1142 4289 1144 4296 ·
1179 4287 1203 4304 ··
