2818 4860
441 388 677 448 -499-

24 556 53 616 si
86 557 275 620 observabis
303 554 354 618 vel
377 551 607 616 lllulsammedis
636 563 776 636 tempore
800 553 871 615 illes
897 554 936 616 de
966 555 1017 618 dei
1043 557 1097 618 de·

27 669 90 720 eto
121 669 156 720 et
186 657 225 720 de
254 658 354 720 libera
381 656 516 720 hominis
538 655 579 716 ad
602 657 718 718 bonnm
742 667 772 716 et
796 657 911 718 malum
933 660 1097 720 volontate

24 772 104 822 otas
131 761 229 822 lesisse
251 761 459 844 quaestiones,
483 759 784 842 qnarnmsmbages
807 771 956 842 torquent
979 772 1010 822 et
1032 763 1096 822 elu-

28 875 82 923 snt
104 863 208 925 aciem
226 863 342 942 ingenii
363 865 414 925 vel
436 863 576 942 ipsorum
600 858 807 938 diabolorum,
828 881 907 943 quos
926 862 956 924 in
974 863 1098 925 inierno

24 987 37 1026 e
64 967 157 1028 lsisae
180 968 273 1028 rebus
294 964 500 1044 disputantes,
522 975 630 1044 utpote
653 963 720 1025 otio
743 963 937 1026 abundantes
958 987 993 1026 ec
1015 964 1096 1027 desi·

24 1071 93 1129 ¹rose
116 1082 288 1150 occupatos
314 1066 404 1145 fingit
430 1067 485 1126 ille
506 1066 672 1128 llliltonius
700 1065 734 1126 in
762 1085 820 1128 suo
847 1067 1019 1129 immortali
1039 1069 1098 1129 Pa·
1144 1100 1148 1106 ,

24 1170 113 1232 rdiso
136 1168 315 1250 deperdito.
357 1166 420 1230 Sed
442 1188 568 1230 manum
590 1167 630 1230 de
657 1170 773 1230 tabula.
823 1170 925 1230 invita
953 1170 1096 1234 enimin

24 1293 65 1334 oc
86 1274 161 1333 loco
180 1271 300 1333 difficili
321 1283 463 1336 versatur
484 1272 596 1347 oratio,
619 1282 653 1330 ut
674 1269 783 1332 Cottae
806 1267 845 1330 de
866 1272 923 1332 hac
938 1272 1007 1352 ipsa
1022 1293 1097 1354 pro·

24 1373 153 1436 identie
174 1373 260 1456 apud
283 1373 464 1435 Ciceronem
481 1370 507 1456 ι)
529 1371 716 1454 disputantis
738 1375 832 1435 verbe
854 1393 1018 1454 usurpem:
1040 1375 1096 1456 qni

24 1479 101 1536 lura
133 1478 238 1554 volet,
272 1477 300 1538 is
330 1487 456 1556 praeter
483 1475 561 1536 elios
591 1475 789 1552 innumcms,
824 1476 977 1556 imprimis
1005 1476 1096 1538 adeat

24 1579 154 1659 ipsium
169 1577 198 1660 2)
224 1579 349 1660 copiose
370 1589 402 1640 ct
427 1575 518 1640 docte
539 1577 760 1656 disserentem,
792 1597 846 1638 nec
874 1597 938 1639 non
961 1579 1096 1658 plurima

24 1682 205 1760 llerentem,
227 1683 343 1765 quibus
358 1679 509 1743 adversus
522 1681 722 1742 Plutarchum
740 1692 770 1742 et
786 1681 981 1742 Bruckcrum
997 1681 1097 1764 Clsry·

24 1787 120 1865 [ppns
142 1801 315 1865 omnesque
336 1780 415 1844 adeo
437 1781 534 1845 Stoici
555 1781 683 1844 delendi
704 1783 837 1864 possint.

96 1886 161 1946 lam
185 1904 262 1950 vero
284 1883 419 1948 vidimus
439 1881 523 1964 apud
540 1881 662 1944 Stoicos
679 1903 775 1944 unum
792 1881 987 1964 eundemque
1002 1883 1095 1946 deum

26 1987 132 2048 ariter
155 1998 299 2049 vocatum
322 1985 416 2046 luisse
439 1983 630 2064 principium
652 2005 761 2063 agens,
783 1985 903 2061 lovem,
924 1985 1006 2047 lovis
1027 1987 1095 2046 ani-

24 2109 108 2165 rum,
131 2085 209 2160 Διὸς
231 2083 345 2170 λόγον,
366 2083 475 2146 mundi
497 2085 642 2163 enimom,
664 2085 728 2148 vim
750 2086 951 2168 animumque
975 2089 1094 2164 mundi,

24 2200 148 2250 sentens
170 2188 416 2270 sapientiamque
440 2188 609 2269 perlectam
633 2199 664 2249 et
688 2187 826 2249 eiusdem
848 2190 968 2251 animae
983 2191 1092 2254 mundi

24 2291 233 2370 ›rineipetum,
253 2289 357 2367 idest,
376 2293 513 2367 notlrera,
536 2301 570 2352 ut
587 2289 777 2372 Chrysippo,
798 2292 908 2367 solens,
929 2303 964 2354 ut
980 2293 1093 2355 Clean·

24 2394 61 2456 lri
82 2393 216 2473 placuit,
245 2413 280 2454 nc
301 2392 434 2474 proinde
456 2392 558 2472 ignem
582 2406 612 2455 et
636 2405 799 2470 naturam,
821 2413 1016 2458 communem
1037 2417 1093 2458 no·

24 2517 126 2573 isram,
145 2507 177 2558 ct
197 2495 231 2556 in
250 2508 363 2558 natura
383 2496 508 2557 insitam
533 2495 743 2577 nreterioeqne
766 2498 913 2560 insertam
936 2499 1090 2562 rationem

25 2599 249 2678 sempiternam,
273 2610 305 2660 et
324 2597 478 2658 rationem
500 2617 709 2674 comumnem,
731 2609 763 2658 et
784 2602 939 2660 rationem
960 2603 1092 2664 semina·

24 2723 93 2778 em,
114 2722 167 2763 sess
188 2701 294 2780 potius
317 2699 481 2762 seminales
501 2719 606 2760 censens
627 2699 660 2762 in
682 2719 714 2760 se
736 2700 964 2778 continentem,
991 2723 1027 2764 nc
1048 2704 1093 2764 le·

24 2826 85 2884 gem
105 2802 243 2866 divinem
263 2804 514 2883 naturalemque,
539 2802 639 2878 legem
661 2819 871 2881 communem,
891 2804 991 2883 legem
1014 2807 1092 2868 recti

24 2907 276 2990 ›reeeeptrieem
302 2905 454 2986 pravique
477 2902 700 2984 depnltricem,
726 2904 840 2982 latum,
869 2907 1092 2990 εἱμαρμένην,

24 3013 136 3087 aloen,
153 3019 296 3092 pulpae,
316 3009 482 3070 Parcarum
505 3000 677 3088 δύναμιν,
703 2998 922 3088 dionensiae,
941 3009 1091 3093 νέμεσιν,

24 3111 112 3190 laea,
131 3109 343 3172 necessitatem
365 3109 503 3172 omnium
527 3129 643 3184 rernm,
665 3105 803 3170 divinam
825 3109 1015 3193 letalemque
1036 3131 1091 3174 ne·

24 3213 197 3289 :essitntem,
219 3231 340 3272 causam
363 3211 496 3292 primam
517 3223 548 3272 et
570 3212 755 3290 generalem,
778 3229 898 3272 causam
921 3209 1091 3293 facientem,

24 3310 156 3384 adesam
182 3313 317 3390 αἰτίαν,
351 3313 465 3380 αἰτίαν
495 3305 655 3396 ἀνίκητον
665 3360 675 3389 ,
707 3315 773 3378 νῶν
802 3305 945 3400 ἀληθῶν
976 3316 1091 3382 αἰτίαν

24 3411 163 3503 πρώτην,
186 3415 346 3478 seientiam
368 3427 400 3476 et
422 3415 595 3492 veritatem,
616 3415 754 3476 omnium
778 3435 893 3494 rerum,
915 3437 996 3498 qnae
1017 3429 1088 3479 sunt

24 3520 50 3582 ei
71 3518 230 3596 subiectae,
253 3518 343 3600 qussi
364 3515 563 3598 prudentiam
586 3515 752 3598 quandam,
779 3517 904 3580 letalem
926 3533 957 3582 et
979 3521 1090 3585 immn-

24 3621 139 3684 labilem
161 3619 425 3683 continuationem
447 3619 567 3683 ordinis
589 3621 743 3704 supremi,
772 3621 947 3701 lortnnam,
976 3635 1008 3684 et
1032 3645 1090 3704 po·

24 3738 131 3786 stremo
152 3723 401 3814 providentiam,
427 3744 507 3806 quac
531 3726 636 3786 onrnia
658 3746 754 3786 rrnrrm
777 3724 924 3808 idemque
946 3737 1036 3803 sunt,
1058 3736 1088 3785 et

23 3825 55 3905 qt
72 3825 150 3908 qnod
171 3848 189 3886 n
213 3826 302 3886 nobis
324 3825 439 3888 dieitur
458 3823 544 3904 desis,
567 3827 669 3910 inquit
685 3826 865 3889 Lactantius
878 3825 917 3914 5),
939 3847 1008 3889 cnm
1026 3845 1088 3888 non

24 3989 301 3999 fflm—-a-

91 4075 119 4142 l)
138 4076 174 4127 lle
192 4075 224 4128 N.
244 4077 277 4129 [l.
299 4078 344 4138 lli,
366 4079 410 4130 35.

93 4164 120 4227 2)
136 4162 215 4214 Stoic.
234 4163 307 4234 phys.
327 4163 345 4215 l.
364 4182 378 4216 n
400 4163 499 4219 dissert.
520 4167 554 4219 li
572 4181 656 4235 usqne
677 4165 708 4216 acl
730 4169 771 4217 18.

95 4249 122 4316 3)
140 4249 197 4304 lust.
214 4249 263 4302 dir.
285 4252 304 4316 l,
325 4254 348 4304 5.

737 4350 802 4411 32*
