2972 4836
523 390 564 404 ··-
617 377 706 418 stili
758 393 800 406 -·

107 519 274 588 innabilis
283 525 324 586 sit
334 525 416 604 apud
426 525 545 588 Stoicos
554 523 1201 604 contextusmrummpondeantextrenm

122 631 240 711 primis,
264 626 365 689 media
389 630 540 710 utrisque,
562 629 666 690 omnis
689 629 841 704 omnibus,
866 641 906 706 et,
925 641 959 689 ut
975 629 1007 692 in
1025 629 1203 708 geometria,

121 733 221 814 pergit
231 730 352 808 Cicero,
371 732 475 812 prima
488 732 515 792 si
530 731 663 808 dederis,
676 731 778 794 denda
796 733 860 793 sint
876 733 989 809 omnis,
1004 734 1049 794 sic
1062 733 1162 812 prime
1176 735 1202 796 si

119 855 228 896 eorum
250 835 429 916 systematis
454 835 653 896 lundsmenta
675 835 808 914 ignoras,
831 835 874 895 its
893 853 1021 915 prorsus
1038 833 1202 916 quidinde

116 949 279 1020 sequatur,
302 936 378 1018 quid
400 935 484 996 hisce
505 935 714 998 fundamentis
736 937 896 1012 innitatur,
916 937 1075 1016 ignombis
1094 959 1128 998 sc
1147 941 1203 1021 qui

116 1041 221 1120 prima
249 1035 389 1099 Euclidis
417 1051 448 1099 et
476 1039 662 1116 geometriae
690 1041 843 1100 elementa
868 1059 931 1100 non
960 1053 1121 1120 perspecte
1149 1043 1202 1102 lm·

116 1142 239 1218 buerit,
271 1133 601 1221 propositiones'inde
623 1139 769 1202 deductas
797 1142 939 1221 ignorare
964 1143 1092 1204 omnino
1115 1163 1203 1222 coge·

115 1257 177 1305 tur.
221 1243 308 1304 ilinc
336 1243 387 1305 vel
414 1255 555 1323 tempore
579 1239 723 1320 Origenis
745 1243 824 1304 adeo
852 1243 980 1304 dillicile
1006 1257 1074 1306 esst
1099 1247 1203 1316 omnis

116 1347 294 1409 Stoicorum
320 1344 465 1424 dogmata
486 1339 688 1425 pernoscere,
717 1357 754 1406 ut
776 1348 927 1408 exclamet
948 1349 1103 1410 neminem
1124 1349 1202 1412 adeo

116 1449 265 1511 audacem
290 1469 375 1525 csse,
405 1459 440 1508 ut
462 1467 494 1509 se
517 1469 554 1509 ea
575 1447 680 1508 omnis
703 1459 867 1528 perspecta
888 1450 1002 1510 habere
1024 1451 1202 1530 praedicere

116 1553 231 1634 possit:
255 1551 308 1624 sic
324 1547 413 1616 otico
428 1545 561 1632 θρασὺς
574 1553 693 1626 sinete,
707 1548 822 1616 πάντα
838 1544 902 1634 γὰρ
916 1551 992 1617 eisin
1005 1547 1046 1615 cni
1060 1549 1202 1618 Σιωϊκᾰ.

117 1657 153 1716 Ei
174 1673 272 1730 vero,
304 1653 333 1714 si
357 1651 428 1734 quis
451 1663 554 1712 tamen
582 1670 647 1712 csse
668 1653 801 1731 poterit,
834 1653 890 1733 qui
912 1650 987 1715 dicit
1011 1675 1121 1733 parum
1145 1675 1200 1718 sus

118 1759 277 1832 interesse,
297 1754 439 1834 porticus
461 1753 604 1831 dogmata
625 1765 787 1834 perspecta
805 1755 928 1832 habete,
950 1753 1201 1836 respondendum

117 1873 174 1938 cst,
197 1879 271 1920 eom
289 1859 327 1937 in
347 1855 433 1917 omni
452 1855 639 1936 antiquitate
659 1857 779 1916 nullum
795 1855 872 1933 tore,
891 1857 924 1916 in
941 1858 1080 1920 omnium
1096 1872 1202 1921 sucto-

116 1983 190 2024 mm
204 1961 396 2023 Graecorum
412 1968 443 2018 ct
459 1955 655 2032 Latinorum,
676 1975 833 2019 sacrorum
855 1970 886 2018 et
902 1959 1115 2037 profanorum,
1140 1974 1201 2024 tam

117 2067 178 2150 qui
195 2063 339 2126 stssrieu
357 2081 453 2144 quam
469 2059 524 2140 qui
539 2059 641 2120 soluts
655 2058 799 2118 oratione
813 2072 884 2138 post
896 2062 1056 2122 Zenonem
1070 2062 1201 2142 scripse·

118 2179 205 2246 sumt,
213 2167 303 2228 libris
311 2165 439 2227 omnino
448 2162 603 2241 hospitem
615 2173 645 2222 ot
654 2159 853 2239 peregrinum
862 2161 940 2239 loro,
949 2161 1053 2226 etsine
1064 2165 1201 2244 perlecta

118 2273 295 2335 Stoicorum
311 2269 491 2347 dogmatum
507 2263 683 2342 cognitione
698 2283 756 2327 nec
770 2261 903 2344 intelligi
918 2285 1008 2345 posse
1022 2269 1200 2348 scriptores,

118 2377 175 2457 qui
189 2377 269 2436 bene
286 2371 379 2434 multi
395 2387 519 2448 semper
534 2364 654 2448 aliquid
669 2385 710 2428 ex
725 2368 782 2428 hnc
798 2368 1006 2448 philosophia,
1028 2391 1108 2452 quse
1122 2373 1200 2436 elias

119 2477 206 2538 breti
229 2473 402 2555 superavit,
424 2470 487 2532 suis
509 2470 724 2548 insperserunt
745 2468 880 2548 scriptis,
901 2482 955 2530 nut
976 2470 1015 2533 ed
1036 2491 1102 2534 eam
1122 2476 1200 2535 allu-

116 2591 246 2654 serunt,
269 2573 356 2658 quod
376 2573 496 2653 patebit
518 2592 557 2632 ex
581 2570 752 2630 innumeris
774 2571 866 2646 locis,
892 2592 972 2653 quee
995 2592 1055 2656 ope
1077 2575 1199 2637 Stoicae

116 2678 341 2762 philosophiae
357 2677 399 2736 its
413 2669 679 2756 explicaverimus,
702 2682 736 2729 ut
753 2671 846 2730 ltomo
864 2682 955 2734 antea
976 2673 1009 2733 in
1031 2695 1067 2735 ea
1089 2697 1200 2755 parum

118 2794 265 2848 versatus
281 2779 445 2840 miraturus
459 2777 510 2853 sit,
533 2796 565 2836 se
585 2794 620 2834 en
639 2773 730 2836 toties
749 2772 875 2855 quidem
892 2776 1011 2854 legisse,
1032 2797 1200 2860 numquam

118 2905 195 2950 sero
217 2883 418 2944 intellexisse.
461 2881 507 2941 lta
535 2877 705 2940 necesses-is
732 2893 779 2938 cst
806 2875 846 2938 nd
874 2877 1035 2940 historiam
1059 2881 1200 2942 ecclesis·

118 3087 161 3138 nis
177 3094 206 3137 ct
222 3083 302 3136 mn's
319 3100 380 3136 esre
397 3082 525 3138 indicere.
543 3080 597 3133 nisi
614 3079 685 3132 omni
703 3079 812 3150 cognito
829 3077 933 3130 totiens
951 3085 1069 3128 noturus
1083 3087 1110 3128 ct
1127 3077 1199 3130 vitos

119 3175 202 3226 etiem
221 3171 345 3237 deorum,
370 3180 399 3222 st
420 3179 513 3223 utrum
530 3167 672 3221 conuenae
691 3183 739 3219 nec
757 3181 789 3218 ns
807 3173 910 3218 statura
927 3164 1041 3218 tamisis
1059 3181 1119 3216 eum
1137 3167 1199 3218 utsi-

119 3281 210 3316 vcrsc:
230 3277 353 3333 quaeque
371 3267 436 3312 sunt
454 3268 547 3312 utera
562 3265 711 3327 praecepto
728 3253 899 3325 cupientium.
918 3253 965 3326 qui
982 3252 1073 3306 inlscnt
1088 3255 1200 3325 tempori

117 3368 219 3420 parere,
239 3357 267 3402 st
286 3349 363 3422 sequi
381 3349 467 3406 cisum,
485 3356 513 3398 ct
530 3365 558 3398 ss
574 3361 690 3412 nocem,
706 3354 733 3396 st
751 3343 821 3396 nihil
834 3343 922 3398 nimis.
959 3343 1110 3396 Haeccine
1124 3345 1199 3414 pisy·

118 3439 181 3491 sicis
206 3456 289 3511 quom
317 3438 370 3491 vim
395 3434 514 3489 habeant
537 3435 577 3500 (ct
595 3432 694 3486 hobam
713 3433 869 3500 maciacum)
894 3432 983 3484 videre
1005 3449 1079 3483 nemo
1100 3442 1198 3500 potest.

118 3527 212 3600 Atque
230 3526 312 3578 stium
331 3527 370 3576 nd
385 3523 521 3577 iustitiam
540 3522 683 3579 colendam,
701 3521 739 3572 od
756 3521 872 3573 tuendos
887 3519 1022 3571 amicitias
1037 3530 1065 3570 st
1079 3519 1198 3590 reliquos

118 3615 251 3666 caritates
268 3613 337 3686 quid
352 3621 456 3665 natum
473 3611 575 3676 volent,
595 3611 663 3661 hoec
679 3625 735 3661 uno
750 3607 866 3680 cognitio
882 3619 972 3678 potest
990 3609 1105 3661 tradere.
1144 3609 1198 3660 Nec

118 3721 179 3754 vcro
194 3701 286 3770 pistos
303 3701 434 3754 adversus
452 3699 530 3765 ticos,
554 3717 601 3752 nec
619 3707 725 3771 quanto
742 3697 785 3752 Itis
801 3697 896 3770 gratio
915 3695 1058 3754 debentur,
1076 3696 1132 3747 sinc
1150 3713 1199 3744 cx-

115 3789 263 3858 pis'cats'nns
280 3795 399 3842 nntstrns
416 3787 534 3858 intelligi
548 3795 639 3856 potest
658 3798 707 3840 etc.
742 3786 780 3840 Ul
796 3785 958 3852 Antoninus,
975 3785 1021 3856 qui
1036 3782 1110 3848 ΠΜ
1131 3799 1197 3834 oon,-

117 3877 204 3947 iungit
221 3880 339 3948 ἐμπειρία
356 3877 409 3927 cais
427 3895 456 3929 ss
473 3881 553 3928 θείων
572 3881 615 3928 cul
634 3873 816 3947 ἀνθρωπηίων,
834 3874 914 3927 babet
931 3871 964 3938 tl,
982 3875 1013 3925 9:
1039 3868 1140 3920 τούτων
1158 3865 1198 3921 ciel

117 3965 160 4015 siet
173 3967 333 4034 μεμνῆσθαι,
352 3971 393 4021 alc
410 3959 428 4031 ἡ
444 3965 497 4015 cciv
514 3957 580 4016 ‘ilos
598 3965 673 4025 otiose
690 3969 733 4016 cal
750 3969 791 4022 cic
808 3959 826 4033 ἠ
844 3958 900 4030 ἐμῆ,
918 3965 963 4013 sni
981 3959 1035 4016 utic
1050 3949 1119 4028 einp
1132 3955 1197 4030 aspie

117 4057 212 4122 ἐκεινῳ
228 4053 337 4119 ignaua,
367 4057 411 4104 sul
429 4046 517 4103 iustis
534 4072 562 4104 τι
578 4057 655 4123 μέρος
673 4049 763 4105 incisu
781 4057 830 4104 τοῦ
846 4044 907 4102 iiico
926 4035 1005 4110 οὖσα,
1029 4051 1073 4100 sol
1089 4039 1132 4100 iiss
1152 4044 1196 4100 osi-

116 4143 172 4199 cislc
189 4135 295 4194 celsior
311 4137 347 4193 ssi
365 4137 501 4193 tuttovee
518 4143 556 4212 τῇ
576 4141 663 4207 φύσει,
692 4126 722 4209 ἧς
744 4144 821 4208 μέρος
844 4131 881 4202 ti,
907 4133 1031 4208 apinam
1048 4155 1076 4190 cs
1094 4133 1133 4191 cist
1153 4141 1196 4190 sul

115 4232 205 4296 λέγειν.
243 4229 277 4282 V.
295 4241 321 4284 ct
339 4227 470 4284 Senecam
488 4227 569 4302 Epist.
591 4231 625 4284 95
644 4237 670 4282 ct
688 4223 782 4280 Tltcol.
799 4222 902 4296 phys.'¹]
