2818 4860
504 349 741 442 ...451-

74 523 148 574 erat
170 533 266 591 agenn
288 512 421 574 alterum
443 529 519 574 vero
538 519 666 594 potone:
693 512 747 575 aed
768 512 893 576 Platoni
914 514 1050 596 primum
1073 517 1161 600 prin·

75 613 214 694 alpium,
245 612 277 676 id
308 626 372 691 eat,
409 611 501 675 deum
532 615 636 678 videri
668 615 908 698 incorporeum,
939 616 1053 682 Steiria
1084 639 1160 682 vero
1217 631 1237 650 “

74 729 250 798 utrumque
273 735 476 798 corporeum:
499 709 602 804 ἅρχοῖς
622 717 712 804 ὕλην
735 722 789 787 noi
811 714 919 799 θεόν,
939 713 983 794 οἷς
1005 719 1161 788 Πλάτων.

75 810 152 884 ἀλλ’
171 806 267 885 οὗτοι
285 815 388 902 ἄμφω
402 812 542 903 οῶμοτοὶ
565 843 669 905 φασιν
688 820 788 898 εἶναι,
809 822 864 888 κο)
886 815 926 888 τὸ
947 824 1085 901 ποιοῦν,
1106 826 1160 892 aul

74 909 117 981 ad
140 915 290 1006 πάσχον,
319 918 449 985 ἐκείνου
471 921 606 1004 πρῶτον
627 922 754 989 ποιοῦν
774 923 888 989 αἴτιον
912 918 1092 1006 οόὥμαοον
1113 925 1161 990 el·

73 1040 137 1086 ναι
161 1019 330 1105 λέγοντος.
381 1019 477 1082 Reate
501 1021 600 1100 igitur
620 1023 764 1085 Laertiua
781 1021 823 1104 1),
853 1023 1018 1086 discrimen
1039 1003 1174 1104 ponena'

73 1118 163 1180 inter
178 1121 354 1188 ΑΡΧΑΣ
364 1120 403 1203 ²),
421 1129 571 1206 principia,
592 1135 625 1185 et
648 1124 905 1204 ΣΤΟῙΧΕῙΑ,
919 1131 1062 1204 clametur,
1080 1126 1160 1189 dixit

73 1219 192 1284 Stoioia
213 1222 369 1303 principia
392 1243 458 1285 aeae
479 1245 629 1306 corporea
650 1237 682 1287 et
698 1227 817 1288 formae
833 1228 984 1307 expertia,
1008 1229 1160 1290 elemento
1266 1227 1268 1233 ’

74 1341 156 1386 vero
178 1325 279 1386 lorma
299 1325 444 1405 gaudere,
467 1327 683 1394 ΣΩΜΑΤΑ
702 1327 791 1395 aiunt
812 1322 873 1402 adr
893 1327 1081 1406 ΑΡΧΑΣ,
1103 1330 1159 1396 nol

74 1415 275 1510 ἀμόρφους,
303 1420 346 1492 ad
369 1427 404 1494 dl
425 1428 694 1511 μεμορφᾰοθαι,
724 1429 778 1490 ubi
803 1429 883 1490 male
905 1428 1159 1492 Aldobrandinua

1 1551 2 1582 1
74 1526 155 1605 legit
174 1528 278 1594 Am
287 1531 428 1598 MATA
447 1533 533 1598 εἶναι
555 1529 617 1605 τοὶς
637 1533 828 1610 ΑΡΧΑΣ,
856 1529 890 1594 id
910 1543 974 1611 eat,
996 1538 1159 1612 incorporea

76 1646 145 1690 eaeo
164 1635 319 1713 principia,
351 1643 385 1694 et
405 1632 624 1712 casaubonus,
650 1627 734 1701 attii
757 1635 813 1700 nal
837 1633 1054 1700 ΣΩΜΑΤΑ
1072 1633 1159 1699 εἶναι

74 1727 206 1812 (nempe
227 1723 270 1796 τά
294 1733 558 1812 ΣΊῸΙΧΕΙΑ,
586 1753 651 1796 non
672 1746 775 1796 autem
798 1731 859 1808 adr
880 1729 1070 1818 ΑΡΧΑΣ)
1096 1727 1160 1807 τοὶς

1 1887 2 1892 ,
75 1825 107 1896 δ’
130 1831 305 1898 ΑΡΧΑΣ
330 1834 645 1901 ΑΣΩΜΑἸῸΥΣ
671 1834 758 1900 εἶναι
787 1836 843 1900 nol
874 1825 1061 1917 ἀμόρφους.
1108 1832 1158 1920 ‘dd

1 1967 2 1976 κ
75 1935 161 1994 hono
181 1936 301 2010 looum,
323 1935 410 1995 cuiue
431 1934 525 1996 laelio
546 1934 705 1996 immerito
726 1937 765 1996 ab
786 1933 1023 1997 Aldobrandino
1046 1947 1078 1996 et
1100 1933 1159 1996 Ca·

75 2035 217 2096 eaubono
238 2033 404 2097 sollicitata
426 2035 503 2111 luit,
529 2036 691 2114 Menagiua
707 2033 755 2119 ⁵),
785 2037 927 2116 quamria
949 2037 1086 2098 fateatur
1106 2033 1159 2098 Li-

75 2134 222 2221 peium4)
243 2135 387 2216 pluribus
409 2137 560 2217 exemplis
583 2121 796 2211 decimariam,
818 2134 911 2199 deum
933 2149 965 2198 et
987 2137 1158 2215 materiam,
1214 2121 1217 2128 ¹

75 2259 157 2320 quaa
189 2236 252 2300 duo
281 2250 370 2320 erput
398 2239 571 2320 principia,
605 2238 718 2301 Stoicis
748 2257 881 2320 corpore
909 2259 994 2318 aeae,
1026 2251 1058 2301 et
1085 2240 1157 2302 hino

77 2339 295 2406 ΣΩΜΑΤΑ
320 2340 407 2405 εἶναι
436 2335 500 2412 un'r
529 2339 717 2418 ΑΡΧΑΣ,
748 2359 808 2420 pro
834 2339 1088 2408 ΑΣΩΜΑΤΑ
1113 2345 1158 2404 le·

76 2443 172 2520 gine,
206 2442 287 2502 male
319 2451 423 2502 tamen
453 2439 540 2504 addit
569 2440 746 2505 casauboni
773 2443 940 2506 lectionem
971 2441 1031 2504 eibi
1060 2443 1157 2522 magia

77 2546 208 2622 plaeere,
229 2543 324 2604 immo
345 2544 441 2605 oolam
463 2544 596 2622 plaeere.
641 2543 680 2604 Et
703 2543 781 2605 hana
802 2541 929 2624 quidem
948 2542 1156 2606 Gaaaubonia·

75 2664 147 2706 nam
169 2645 334 2706 lectionem
355 2643 519 2722 Menogiue
547 2654 655 2705 tuetur
684 2645 869 2707 auctoritate
897 2643 1070 2728 soldani),
1102 2648 1156 2728 qui

76 2750 151 2810 liaeo
171 2747 239 2828 ipae
260 2747 380 2808 [nertii
400 2747 513 2822 verba,
538 2765 618 2827 quae
642 2765 754 2826 nempe
776 2747 809 2806 in
832 2745 947 2808 uitioao
968 2748 1087 2826 legerat
1106 2767 1157 2809 oo·

77 2849 160 2928 dieo,
188 2847 371 2930 imprudene
393 2847 439 2908 ita
461 2845 624 2923 describit,
654 2859 689 2909 ut
718 2845 817 2924 dicat,
845 2845 1160 2914 ᾺΣΩΜΑΤΟΥΣ

76 2953 160 3020 οἶνοι
183 2947 245 3024 adr
266 2951 447 3018 ΑΡΧΑΣ.
490 2947 551 3012 Se'd
575 2947 660 3031 quod
682 2969 739 3010 naa
761 2949 941 3026 Menagiua,
964 2967 1021 3008 nee
1041 2949 1157 3009 Karte-

75 3073 129 3116 rue
145 3051 304 3128 viderunt,
324 3052 391 3131 ipae
413 3049 524 3113 Snidaa
546 3051 596 3112 hio
618 3071 635 3112 e
655 3050 781 3112 Laertio
803 3045 1004 3126 corrigendae
1025 3059 1082 3124 eat,
1102 3069 1157 3109 ne-

76 3156 150 3217 dum
169 3173 241 3214 aum
264 3155 408 3232 corrigat,
427 3175 496 3216 eum
518 3155 598 3215 hano
619 3166 650 3214 et
673 3153 707 3214 iu
727 3151 853 3213 Laertio
875 3149 1048 3227 lectionem,
1070 3161 1102 3210 et
1122 3150 1155 3212 iu

1 3316 2 3321 ,
76 3257 172 3321 Suida
193 3254 438 3318 emandationem
461 3257 565 3319 iirmet
585 3257 683 3318 totius
701 3254 841 3336 porticae
860 3271 1025 3314 consensus
1040 3264 1072 3314 et
1087 3272 1157 3331 gra·

77 3359 200 3423 viaaima
223 3359 390 3420 aumoritae
411 3360 570 3424 Plutarchi
591 3371 622 3420 et
643 3358 805 3422 Aristoclia
827 3374 922 3435 eupra
948 3353 1155 3432 laudatorum,

78 3479 212 3543 quorum
232 3462 288 3522 illo
310 3461 437 3543 quidem
459 3459 534 3524 dicit
551 3461 686 3544 prienam
709 3457 908 3542 principium,
928 3455 1032 3532 ideal,
1053 3452 1155 3532 deum,

143 3662 176 3729 1)
195 3661 262 3732 Peg.
279 3663 340 3716 tto.

144 3749 176 3816 ²)
195 3746 403 3820 Christoplrorua
418 3747 537 3802 Wolfiuo
554 3749 581 3802 in
600 3746 728 3819 Origenia
744 3743 946 3815 Philosophum.
962 3757 989 3810 p.
1006 3741 1050 3792 51.
1067 3753 1155 3788 anno·

79 3845 121 3902 tal,
139 3834 366 3888 Anaximandrum
387 3837 505 3908 primum
525 3835 612 3902 suinae,
632 3835 678 3906 qui
696 3833 829 3885 ΛΡΧΛΣ
845 3829 938 3882 dixerit
955 3823 1088 3898 principia
1110 3842 1153 3875 re-

78 3941 136 3974 rum
154 3922 332 3989 naturalium,
356 3922 583 3994 quemadmodum
601 3922 693 3986 Plato,
713 3929 776 3974 teate
795 3916 901 3969 Laertio
919 3914 948 3965 in
967 3911 1022 3964 eiua
1041 3910 1090 3963 rita
1106 3911 1154 3977 lll,

81 4013 121 4076 24,
139 4011 241 4080 primur
257 4009 466 4064 ΣῚὉΙΧΕΙΟΝ
478 4009 604 4064 elementi
622 4007 732 4062 notione
750 4002 894 4074 usurparit.

146 4099 177 4163 3)
196 4097 237 4150 Ad
255 4097 342 4152 Laerl.
363 4105 417 4150 not.
436 4115 462 4167 p.
480 4099 540 4152 183.
633 4098 667 4164 4)
687 4092 765 4163 Phys.
783 4089 864 4143 Stoio.
883 4087 916 4156 ll,
934 4089 959 4140 5.

147 4188 178 4254 5)
197 4187 233 4242 V.
250 4182 318 4257 ἀρχῆ
336 4186 368 4239 Τ.
387 4185 406 4237 l.
425 4205 451 4257 p.
469 4189 530 4240 3⁴².
