2932 4878
688 303 756 353 x-
797 275 861 336 aaa
906 305 949 320 -

383 438 485 502 Haece
511 444 624 521 spa-tus
651 441 818 519 rationales,
843 439 919 504 iaaac
936 447 1023 503 truita
1044 461 1138 503 rerum
1158 439 1292 503 nemina
1318 443 1399 506 Cor·

293 539 444 623 natael),
480 540 519 602 de
540 543 667 603 Atlante
689 545 832 624 loquens,
857 563 952 625 quem
974 539 1058 604 idern
1081 563 1147 604 caea
1169 564 1206 604 ac
1229 543 1397 606 mundum

294 641 459 721 opinatur,
489 635 570 714 eoric
598 646 900 730 ἐμιιεριιχσμὲνσιις
921 649 959 710 ἐν
981 640 1073 729 αὐτῷ
1096 639 1241 730 (κόσμῳ)
1266 644 1398 730 λόγωι

297 755 403 820 vocat,
436 753 471 804 ut
491 741 625 827 alibil),
654 739 734 816 nocie
759 749 796 809 ἐν
818 739 910 826 αὐτῷ
933 743 1134 811 loton*
1156 745 1220 828 τῆς
1244 743 1397 830 φύσεις,

295 855 391 926 atque
412 845 565 906 lohanuet
587 845 746 907 Diaconue
767 841 787 910 ὁ
809 840 965 928 Γαληνός
980 843 1009 928 ⁵)
1031 844 1154 908 eoadem
1177 848 1327 928 epititua
1350 849 1395 910 di·

296 948 339 1010 cit
365 944 447 1020 σούς
473 945 539 1014 τοῦ
567 945 884 1014 ΣΠΕΡΜΑΤΟΣ
906 944 1115 1012 ΛΟΓΟΤΣ.
1159 947 1320 1012 Clemens
1342 972 1397 1012 au·

289 1059 361 1110 tem
394 1044 627 1111 Alexandriana
641 1045 672 1131 4)
704 1045 765 1130 τῆς
780 1040 943 1129 'numum
979 1063 1042 1107 ⁰⁰¹1
1074 1047 1306 1130 ΛΟΓΟΥΣ,
1341 1051 1394 1114 aad

298 1149 593 1218 ΛΟΓΙΣΜΟΥΣ
620 1147 725 1210 habet.
767 1148 811 1208 At
839 1144 931 1206 Philo
948 1143 993 1231 ⁵):
1028 1142 1072 1212 orl
1092 1143 1205 1230 μόνον
1232 1143 1334 1234 ἦσαν
1363 1159 1394 1220 oi

297 1250 421 1333 aopuol
444 1250 566 1334 epcpnl
588 1240 694 1329 ζώοις,
717 1237 803 1314 itti
824 1246 883 1312 acl
901 1243 1211 1333 nupnoeauulaapcie
1232 1246 1308 1336 τὴν
1328 1257 1393 1320 uie

298 1347 429 1434 σ’μσίιιν
447 1351 499 1418 ciel
520 1350 663 1435 γένεσιν,
683 1342 745 1421 ecit
767 1343 998 1429 oucppcaetaoic
1017 1346 1134 1424 aticiae
1155 1353 1392 1442 περιέχουσαι,

298 1455 338 1520 lv
368 1449 425 1528 oie
447 1447 566 1535 ἄδηλοι
591 1455 658 1534 μὲν
678 1448 734 1516 eol
758 1438 900 1530 α’φιισιισ
920 1453 953 1514 ol
972 1447 1065 1534 llyoe
1086 1451 1155 1518 cciv
1175 1448 1268 1520 ὅλων
1289 1457 1390 1522 elale.

302 1552 395 1628 Quod
417 1571 548 1632 protana
569 1549 709 1614 Stoicum
730 1569 797 1612 ecee
818 1569 885 1612 non
903 1551 1038 1630 negabit,
1058 1551 1115 1636 qui
1136 1573 1217 1635 quae
1238 1558 1391 1637 anper-ine

301 1675 319 1716 a
344 1653 434 1715 nobie
457 1651 650 1728 dictasunt,
672 1671 707 1712 ea
729 1663 847 1714 attente
868 1654 989 1732 legerit.

386 1753 488 1816 Porro
515 1752 591 1814 haec
619 1750 725 1814 eadem
755 1772 901 1833 cupreum
929 1753 1027 1831 ratio,
1058 1751 1290 1837 ὄΛΟῙῸΣ,
1323 1764 1389 1823 eive

302 1855 394 1936 dena,
426 1855 579 1919 nStoicie
609 1875 644 1914 ac
673 1854 875 1934 peculiariter
896 1875 914 1916 a
935 1857 1065 1918 Zenone
1087 1859 1271 1938 appellatur
1294 1864 1389 1924 dicim

302 1962 497 2043 naturalique
517 1962 572 2036 lca,
594 1968 670 2019 teate
691 1956 855 2018 Lactantio
869 1953 908 2040 ⁶),
929 1955 1059 2018 docente
1080 1960 1159 2020 hanc
1179 1963 1284 2040 legem
1303 1963 1388 2026 idem

305 2081 372 2127 eece
394 2060 508 2123 Stoicie
529 2081 565 2121 ac
585 2058 759 2122 naturalem
781 2057 844 2120 vim
868 2055 973 2121 divina
994 2059 1115 2122 ratione
1137 2061 1335 2143 praeditam,
1358 2079 1387 2127 et

303 2161 436 2244 perinde
458 2183 534 2241 ecee,
558 2161 624 2225 aive
644 2160 737 2238 ratio,
765 2159 833 2223 eive
852 2158 960 2224 diviua
979 2162 1033 2224 lex
1054 2161 1184 2240 dicatur,
1214 2185 1287 2227 cum
1308 2187 1387 2230 aem·

303 2263 468 2344 peridem
490 2283 548 2345 per
576 2265 666 2324 haece
696 2260 799 2324 variae
828 2261 1055 2342 appellationes
1080 2264 1278 2344 intelligatur
1300 2267 1387 2331 dene.

304 2365 357 2428 Sic
377 2363 460 2425 idem
482 2367 571 2426 Zeno
591 2361 675 2444 apud
696 2363 881 2424 Ciceronem
892 2362 922 2447 ⁷)
948 2368 1107 2428 naturalem
1131 2369 1218 2444 legem
1245 2367 1385 2432 divinam

306 2484 372 2530 eece
394 2479 507 2545 censet,
529 2479 561 2528 et
583 2465 778 2548 Chrysippus
799 2463 883 2546 apud
906 2464 1039 2527 eundem
1061 2464 1243 2528 Ciceronem
1257 2467 1288 2553 Β)
1310 2473 1385 2550 legia

305 2582 477 2652 perpetuae
495 2580 527 2631 et
544 2581 688 2631 aeternae
705 2569 779 2644 vim,
801 2587 880 2650 quae
898 2567 987 2650 qunei
1005 2565 1070 2628 dux
1088 2568 1172 2630 vitae
1191 2583 1223 2632 et
1238 2575 1386 2652 magistra

305 2671 479 2736 officiorum
501 2672 552 2750 eit,
570 2673 675 2738 Iovem
698 2669 773 2732 dicit
796 2691 872 2732 aeae.
914 2673 1033 2732 Auctor
1051 2669 1125 2733 libri
1146 2671 1185 2734 de
1207 2673 1327 2736 mundo
1341 2674 1385 2758 ⁹):

305 2772 412 2858 νόμος
434 2779 501 2859 μὲν
522 2769 589 2858 reip
608 2766 693 2858 ἡμῖν
713 2768 895 2852 ἰσσκλινὴς,
919 2765 937 2835 ὁ
958 2768 1053 2848 θεὸς,
1073 2767 1238 2855 οὐδεμίαν
1260 2771 1386 2841 ὑποδε-

306 2868 450 2960 χόμενος
471 2873 663 2957 διόρθωσιν,
683 2868 706 2953 ἢ
727 2869 932 2954 μετάθεσιν·
955 2872 1111 2952 apotamo
1130 2873 1178 2951 cll,
1197 2873 1310 2956 οἶμαι,
1329 2875 1386 2942 eni

306 2972 528 3061 βιβαιόιερσς
547 2976 616 3042 τῶν
634 2976 673 3040 ἐν
693 2969 854 3056 κύρβισιιι
875 2963 1198 3057 ἀναγεγραμμένων.

309 3222 413 3297 parler,
433 3221 478 3292 qni
496 3232 535 3274 eat
553 3225 772 3279 communemcnt
789 3243 823 3279 en
841 3242 922 3297 usage
940 3242 1011 3297 pour
1029 3221 1147 3296 significa*
1165 3221 1235 3278 tunt
1253 3223 1290 3277 clu
1310 3243 1385 3296 carpe

308 3313 467 3382 vigoureux,
486 3308 558 3378 plcin
576 3309 610 3364 de
627 3331 689 3380 auc,
708 3313 863 3386 seminaque
877 3325 904 3370 et
915 3311 1052 3384 apicitibtu
1063 3321 1230 3382 turgentem,
1248 3315 1385 3384 quomodo

309 3399 382 3452 Pana
402 3405 478 3450 vocat
495 3394 632 3452 Cornutus
650 3400 688 3471 [p.
705 3400 805 3469 2⁰3]”].

380 3484 412 3552 4)
428 3484 508 3538 Liber
525 3485 559 3540 de
577 3485 664 3542 divina
683 3488 812 3560 capientia
830 3485 977 3542 secundum
997 3485 1143 3559 Aegyptios
1161 3485 1196 3554 X,
1214 3489 1258 3540 ii.
1283 3507 1309 3558 p.
1327 3489 1385 3542 ill.

310 3573 389 3628 Tomi
408 3574 495 3644 quarti
515 3573 638 3646 Operum
657 3573 805 3630 Aristotelia
823 3573 866 3628 ed.
883 3573 965 3626 Paria.
984 3575 1065 3628 tuat.

381 3659 412 3731 1)
429 3658 496 3732 Cap.
513 3665 558 3716 20.
575 3681 602 3732 p.
619 3665 681 3716 202.
858 3660 888 3730 2)
907 3657 975 3732 Cap.
992 3663 1018 3714 5.
1038 3679 1065 3731 p.
1081 3663 1140 3714 tto.

380 3747 412 3815 δ)
432 3748 510 3802 luitio
529 3747 693 3819 Alagonia
710 3746 816 3802 lleaiotl.
833 3747 974 3820 Theogon.
991 3767 1017 3819 p.
1036 3751 1097 3806 28⁰.
1114 3745 1166 3802 ecl.
1181 3750 1207 3800 t.

380 3835 412 3902 0)
428 3833 544 3906 Paedeg.
562 3834 596 3902 ll,
615 3839 659 3890 10.
677 3854 704 3906 p.
719 3841 780 3892 22⁰.

381 3922 413 3990 0)
429 3922 472 3976 De
490 3923 585 3976 mundi
603 3920 713 3994 opificio
731 3943 756 3994 p.
774 3927 800 3980 0.
820 3922 865 3991 [Τ.
881 3923 901 3976 Ι.
916 3942 943 3993 p.
962 3925 997 3979 tt
1015 3921 1058 3978 cd.
1074 3921 1208 3990 mitten]

380 4011 413 4075 0)
431 4008 496 4064 inat.
513 4010 565 4066 dia.
582 4012 604 4078 l,
621 4013 649 4064 .ἰ.
855 4012 887 4078 l)
906 4008 949 4064 De
967 4008 1000 4064 N.
1018 4010 1054 4064 D.
1070 4009 1090 4075 l,
1109 4013 1154 4066 tt.

381 4094 412 4164 8)
430 4095 472 4152 De
490 4097 522 4152 N.
542 4097 679 4166 l).l,15.
861 4098 893 4164 9)
911 4093 978 4167 Cap.
995 4099 1022 4155 0.
1038 4115 1065 4168 p.
1082 4097 1143 4150 015.
