2972 4836
694 341 740 353 ·-
800 321 878 363 8le
923 333 966 346 ·-

234 441 237 450 ι
293 474 480 558 philosopho
498 472 656 537 diversum
676 491 742 536 csse
760 467 919 534 contendit
937 466 1030 546 Cnnp.
1043 463 1191 525 Boethius
1208 459 1261 546 (od
1278 459 1393 524 Cleu-

293 578 375 642 dion.
397 601 429 660 p.
450 575 537 662 128).
590 575 680 653 Quod
708 595 895 659 quemquam
919 584 1004 634 certo
1026 565 1151 632 definiri
1172 584 1235 676 noo
1257 573 1390 645 potest,

295 698 574 710 m

293 744 419 816 cogiteri3
446 745 626 817 probabiliora
645 756 716 800 certe
734 743 800 798 boec
821 743 868 810 iis,
893 759 961 813 quoe
980 748 1072 793 contro
1091 733 1195 789 monuit
1212 731 1296 786 Lilius
1317 729 1391 802 Gy-

292 833 381 886 rsldus
399 833 433 886 de
458 844 559 906 poetar.
577 833 635 888 bist.
656 833 718 886 dini.
738 833 774 886 lV
799 830 887 902 (opp.
906 828 946 882 ed.
964 825 1041 880 lensii
1064 823 1097 878 T.
1116 823 1149 877 11.
1170 843 1196 893 p.
1215 820 1298 888 23⁶),
1331 821 1387 891 qui

292 931 428 976 auctorem
452 921 623 976 Scholiorum
648 919 676 973 in
702 919 822 974 Persium
849 928 875 971 et
899 915 1041 988 Virgilium
1066 911 1225 984 philosopho
1248 908 1387 963 Cornuto

292 1008 378 1063 multo
396 1011 572 1082 posteriorem
591 1029 646 1064 esse
664 1009 717 1076 cit,
745 1026 800 1060 non
825 1021 935 1078 prorsus
953 1001 1109 1076 improbsns
1127 998 1284 1054 sententiam
1304 995 1387 1048 ller-

292 1096 372 1152 molei
398 1098 509 1153 Barbari
533 1111 559 1154 et
582 1098 711 1164 eliorum,
737 1096 784 1168 qui
802 1091 971 1148 Scholiorum
996 1091 1103 1144 illorum
1127 1098 1264 1144 auctorem
1284 1086 1387 1158 potius

292 1185 412 1240 Probum
428 1199 598 1260 nuncupent:
618 1205 686 1259 quae
704 1183 833 1238 sementia
852 1183 884 1236 ob
904 1180 998 1235 eodem
1016 1177 1068 1232 elio
1087 1195 1195 1251 quoque
1213 1174 1274 1230 loeo
1294 1193 1385 1246 repe·

292 1271 338 1326 tiu
359 1273 395 1341 (s.
413 1272 492 1328 Grut.
511 1275 605 1345 Lamp.
625 1274 682 1328 crit.
699 1271 733 1325 T.
751 1273 786 1325 11.
805 1289 831 1342 p.
846 1269 927 1338 394),
946 1278 1076 1340 quantum
1094 1266 1127 1319 ed
1148 1263 1310 1336 Virgilium,
1337 1260 1382 1314 rel

292 1357 353 1412 solis
372 1357 477 1413 scholiis
491 1361 691 1416 Veronensibus
706 1380 780 1416 nunc
798 1361 826 1414 in
846 1360 932 1414 lucent
950 1356 1090 1429 protractis
1108 1354 1247 1408 refutetur.
1283 1351 1383 1423 Atque

293 1461 307 1498 a
327 1445 447 1500 Mertintt
466 1447 586 1519 pertibus
603 1469 630 1503 se
648 1459 717 1502 stnre
736 1446 766 1501 C.
780 1447 810 1500 F.
823 1445 990 1500 Hermannus
1007 1462 1115 1516 quoque
1130 1441 1285 1514 significarit
1297 1440 1383 1512 Disp.

292 1531 326 1584 de
342 1531 505 1588 scholiorum
524 1553 574 1587 usu
593 1546 619 1588 et
637 1535 795 1590 auctoritate
819 1534 845 1586 in
865 1533 947 1588 Persii
970 1533 1055 1586 satiris
1079 1528 1267 1595 emendandis,
1296 1527 1382 1582 Mor-

292 1619 372 1689 burgi
396 1623 475 1673 184².
500 1639 526 1691 p.
546 1624 590 1674 te.
635 1621 677 1674 De
701 1621 741 1674 his
759 1620 872 1674 Cornuti
891 1621 974 1674 nostri
994 1618 1200 1673 Commentariis
1219 1617 1247 1670 in
1265 1616 1381 1688 Virgilii

293 1704 451 1772 Aeneidem,
469 1705 526 1760 Silii
547 1707 640 1775 italici,
663 1719 693 1762 ut
712 1707 821 1772 videtur,
847 1706 949 1760 nomini
968 1707 1001 1760 ab
1022 1717 1132 1760 auctore
1150 1705 1292 1776 inscriptis,
1313 1715 1380 1776 post

292 1789 479 1846 Burmannum
498 1795 532 1848 nd
550 1795 625 1868 Virg.
643 1795 731 1850 Praei.
749 1815 775 1866 p.
794 1799 839 1851 tt.
874 1794 977 1848 Maium
997 1794 1030 1849 nd
1050 1793 1142 1850 schot.
1159 1793 1264 1865 Virgilii
1283 1793 1378 1845 Vero-

291 1881 383 1934 nensis
403 1901 429 1952 p.
447 1897 472 1934 xt
491 1893 518 1938 et
535 1883 691 1938 Martinium
711 1902 737 1955 p.
757 1886 791 1938 91
809 1901 864 1955 seq.
884 1881 1083 1954 diligentissime
1101 1882 1223 1954 exposuit
1240 1881 1378 1951 Suringsr

292 1967 356 2024 nist
375 1969 464 2025 schot.
483 1972 540 2027 Lot.
559 1971 592 2025 Τ.
610 1973 643 2026 11.
660 1993 687 2044 p.
705 1975 757 2027 1111
776 1991 831 2045 seq.
868 1972 903 2026 At
921 1971 988 2026 hoen
1007 1973 1097 2027 omnis
1115 1970 1199 2025 insius
1216 1987 1290 2024 nunc
1308 1987 1376 2042 per-

293 2068 398 2113 secutus
423 2069 461 2113 est
486 2059 592 2113 lehnius
616 2079 643 2132 p.
662 2077 696 2112 xv
714 2079 769 2133 seq.
789 2075 865 2114 cxcv.
902 2059 943 2114 Ad
963 2060 1075 2114 eandem
1094 2060 1242 2115 studiorum
1262 2058 1374 2112 classem

292 2143 432 2198 referendo
450 2159 512 2200 sunt
530 2166 599 2219 quoe
611 2146 725 2200 Cornuti
745 2147 856 2200 nomine
873 2147 1015 2217 vulgentur
1031 2145 1137 2200 Scholia
1152 2147 1180 2198 in
1194 2146 1277 2198 Persii
1291 2146 1375 2200 disei-

292 2231 350 2302 puli
369 2232 408 2286 sui
426 2233 518 2286 sotires
536 2233 651 2304 scripte,
674 2233 708 2286 de
728 2233 825 2304 quibus
843 2234 870 2286 io
889 2233 1027 2304 Epimetro
1045 2233 1142 2286 borum
1160 2231 1374 2303 prolegomeno-

291 2337 352 2372 rum
372 2319 468 2374 dicam.
513 2318 614 2374 Contra
640 2321 686 2391 qui
707 2339 737 2374 es
762 2321 930 2374 Frobenionn
949 2321 1065 2393 quedam
1084 2319 1202 2374 Terentii
1221 2319 1372 2377 editiones

292 2407 477 2462 Westerborio
493 2407 606 2462 offertur
625 2407 724 2477 titulus,
745 2411 885 2464 Terentius
899 2429 957 2462 cum
971 2410 1079 2463 scholiis
1092 2428 1125 2462 ex
1140 2410 1253 2472 Donati,
1272 2412 1373 2480 Aspcrt'

290 2501 319 2544 et
340 2495 452 2546 cornuti
475 2498 686 2555 commentariis.
710 2515 772 2551 eum
792 2515 848 2552 non
872 2499 932 2552 sotis
950 2498 1078 2552 idoneum
1103 2506 1195 2551 testem
1219 2516 1289 2562 esse,
1315 2517 1370 2568 quo

292 2576 442 2638 Cornutum
461 2583 491 2636 in
507 2583 664 2640 Terentium
684 2597 893 2642 commentatum
913 2605 968 2641 esse
992 2587 1071 2659 plene
1093 2587 1303 2652 demonstretur,
1328 2585 1370 2639 lu-

291 2667 387 2722 benter
401 2670 574 2730 concedimus
588 2673 715 2729 Martinio
734 2696 761 2748 p.
772 2679 824 2730 1111
843 2687 869 2730 et
884 2675 1042 2746 Suringnrio
1057 2675 1075 2730 Ι.
1090 2694 1113 2729 c.
1132 2675 1165 2728 Τ.
1180 2675 1199 2728 1.
1218 2695 1245 2746 p.
1256 2678 1309 2728 1114
1320 2693 1368 2746 sq„

292 2773 457 2828 quemquam
476 2777 532 2812 non
552 2759 673 2828 mirarer,
690 2762 711 2814 si
731 2763 803 2834 quod
822 2762 872 2816 leri
890 2779 965 2816 nunc
982 2763 1034 2816 lide
1053 2761 1166 2828 vacillet,
1184 2763 1304 2834 graviore
1320 2761 1369 2816 att-

293 2843 401 2913 quendo
419 2857 528 2899 auctore
546 2846 760 2904 confirmaretur.
796 2849 936 2902 Praetereo
954 2849 984 2902 iis
1003 2867 1072 2920 quoe
1085 2849 1227 2902 Martinius
1245 2869 1271 2920 p.
1285 2852 1319 2904 119
1336 2850 1368 2904 de

292 2927 362 2984 libro
380 2931 413 2985 de
431 2936 615 2989 enuntiatione
632 2936 688 2988 sive
710 2935 907 3008 orthographia
926 2935 1039 2990 Cornuti
1064 2935 1167 2990 nomini
1191 2947 1262 2989 recte
1285 2935 1369 2988 sindi-

293 3029 353 3073 cato
372 3021 486 3088 monuit,
504 3021 557 3078 boc
573 3024 707 3080 adiectum
727 3021 812 3090 velim,
832 3041 882 3096 pro
901 3029 972 3076 Gneo
992 3023 1112 3089 nomine,
1131 3021 1204 3093 quod
1219 3022 1247 3074 io
1267 3019 1368 3075 Cassio·

292 3107 352 3161 dori
370 3110 512 3182 exemplari
531 3112 692 3166 Putscbieno
711 3131 738 3183 p.
758 3115 826 3166 1181
852 3112 952 3179 fertur,
978 3110 1116 3182 aliquanto
1141 3109 1239 3163 rectius
1258 3109 1367 3179 Agneus

292 3195 320 3246 in
343 3197 436 3250 codice
453 3197 606 3251 Cassiodori
625 3199 834 3252 Dormstediensi
858 3219 873 3252 a
899 3219 943 3252 me
966 3199 1086 3271 inspecto
1112 3196 1242 3263 exbiberi,
1270 3207 1321 3250 torn
1339 3197 1365 3250 in

292 3281 404 3336 elencho
429 3294 568 3339 auctorum
595 3287 739 3357 praemisso
764 3307 845 3362 quem
871 3289 899 3342 in
924 3287 1016 3358 cupitis
1041 3291 1072 3354 1,
1101 3286 1173 3359 quod
1192 3296 1231 3339 est
1249 3284 1364 3354 Cornuti,

292 3371 510 3442 praescriptione.
554 3371 681 3426 Ceterum
700 3373 727 3426 in
746 3373 894 3428 enodandis
911 3385 939 3428 et
955 3373 1117 3446 esplicnndis
1134 3372 1269 3428 vocabulis
1286 3373 1364 3427 rario-

292 3457 367 3511 ribus
390 3458 430 3512 rel
455 3459 579 3514 obsoletis
599 3477 765 3532 magnopere
784 3460 936 3516 Cornutum
960 3479 1021 3515 cum
1049 3459 1105 3513 eliis
1122 3459 1193 3514 illius
1216 3462 1306 3514 aetolis
1323 3481 1364 3514 se-

291 3556 379 3599 terum
403 3547 564 3618 scriptorum
587 3549 786 3602 enarratoribos
811 3548 860 3602 sibi
886 3547 1031 3618 placuisse,
1060 3547 1111 3602 loci
1139 3549 1263 3602 nonnulli
1286 3549 1362 3603 doce-

291 3635 369 3698 bunt,
387 3635 433 3706 qui
451 3634 502 3689 hae
519 3635 628 3688 demum
651 3645 735 3690 aetate
755 3634 788 3688 sd
809 3646 927 3689 nostrum
946 3647 1125 3708 pervenerunt
1143 3637 1274 3703 notitiem,
1293 3637 1362 3691 veluti

293 3723 339 3795 qui
359 3732 438 3777 exstnt
455 3723 482 3776 in
502 3723 603 3778 Placidi
622 3721 723 3777 Glossis
742 3725 770 3775 in
788 3722 853 3776 Maii
872 3722 952 3776 Auct.
972 3721 1045 3776 close.
1069 3723 1101 3776 T.
1119 3726 1164 3778 111.
1188 3745 1214 3796 p.
1229 3727 1296 3779 4762
1318 3729 1363 3776 In-

291 3812 418 3882 gluvienr,
437 3815 571 3864 Cornutus
588 3820 716 3875 ventrem,
731 3809 839 3861 Plinius
857 3809 1027 3862 edocitotern.
1063 3809 1135 3864 ldem
1154 3811 1186 3864 Τ.
1199 3809 1245 3864 Vl.
1264 3829 1290 3882 p.
1303 3813 1361 3866 5111

293 3902 480 3970 Mogrrsentum
497 3898 548 3950 olii
566 3897 775 3966 pinguissimum
793 3905 915 3948 extorum
940 3895 989 3963 [sic
1007 3896 1058 3969 leg.
1079 3915 1129 3968 pro
1147 3900 1277 3966 exterum]
1287 3920 1296 3960 ,-
1319 3899 1362 3950 olii

292 3987 410 4038 secundo
425 3996 558 4055 prosectu.
596 3987 731 4036 Cornutus
749 3985 878 4054 quicquid
890 3995 1037 4053 mactatur,
1056 3987 1138 4038 idest
1154 3986 1361 4057 quicquidstrn·

293 4084 353 4138 tur‚
380 4073 452 4125 uode
479 4075 570 4127 ecdem
596 4071 681 4144 glossn
707 4072 781 4143 prius
804 4091 819 4124 n
844 4071 918 4126 Maio
942 4092 972 4126 es
998 4073 1050 4127 elio
1075 4073 1167 4128 codice
1185 4073 1255 4128 edite
1276 4074 1305 4128 T.
1318 4076 1358 4130 111.

293 4179 320 4232 p.
336 4161 388 4215 181
409 4161 567 4232 corrigitur,
594 4179 646 4232 qun
665 4159 719 4215 solo
739 4179 801 4214 usus
818 4172 855 4215 est
875 4163 982 4218 lebnius
1001 4183 1026 4236 p.
1044 4181 1101 4232 xrs,
1126 4163 1172 4236 qui
1192 4164 1264 4221 bunc
1281 4175 1306 4219 et
1321 4184 1358 4218 su·
