2972 4836
720 363 954 404 -m-

375 515 491 588 Pauca
526 528 656 586 restant
690 507 927 610 superioribus
959 507 1002 581 de
1038 502 1110 582 mea
1145 509 1384 611 qualicunque

302 643 405 716 opera
431 616 466 687 in
498 615 564 686 hoc
590 613 681 686 libro
707 611 949 686 concinnando
980 609 1183 684 adiicienda.
1242 613 1383 688 Etenim

299 717 334 789 in
355 716 413 791 tali
432 716 608 816 scriptore,
632 714 744 815 qualis
762 713 935 786 Cornutus
951 729 1013 799 est,
1039 712 1185 801 edendo,
1211 716 1270 814 qui
1290 732 1384 788 tam-

301 817 359 890 diu
389 819 492 892 i'acnit
519 816 711 914 neglectus,
744 831 776 888 et
801 842 901 915 quem
929 816 1050 887 iterum
1074 815 1120 890 ita
1145 843 1226 888 mox
1247 818 1383 890 editum

298 921 342 992 iri
364 921 417 994 vix
438 918 603 993 credibile
628 936 689 1006 est,
709 943 822 990 menna
844 943 917 990 esse
943 933 1048 1005 ratus,
1075 934 1112 990 nt
1138 944 1225 1016 quae
1250 919 1384 992 intacta

299 1021 509 1095 Villoisonus
534 1020 725 1121 reliquisset
749 1019 950 1118 praesertim
978 1045 1017 1090 ex
1043 1019 1096 1108 iis,
1122 1046 1210 1118 quae
1236 1025 1313 1094 aV.
1335 1023 1384 1093 D.

301 1123 346 1196 ad
380 1141 571 1196 contextum
606 1121 789 1195 verborum
823 1119 1060 1218 refingendum
1095 1121 1243 1202 subinde
1277 1121 1382 1196 allata

299 1242 421 1310 essent,
447 1223 566 1297 sedulo
589 1223 782 1321 colligerem
810 1224 924 1296 onmia
951 1221 1055 1322 inque
1080 1249 1180 1295 usum
1203 1242 1383 1298 converte-

301 1355 385 1415 rem,
410 1325 474 1399 seei
502 1325 597 1426 quod
623 1327 718 1425 potui
744 1325 896 1398 studiose
921 1339 952 1397 et
977 1323 1021 1397 ita
1046 1323 1196 1424 quidem,
1227 1343 1265 1398 ut
1289 1355 1382 1427 quae

300 1431 344 1502 ad
381 1428 521 1501 Cornuti
560 1427 710 1501 libellum
749 1424 799 1500 vel
830 1425 1078 1500 restituendum
1114 1426 1165 1498 rel
1206 1427 1381 1528 explican-

298 1531 380 1603 dum
409 1547 524 1604 notata
551 1530 730 1616 rescirem,
766 1528 794 1601 si
821 1529 925 1601 modo
953 1527 1106 1614 fruotum,
1128 1528 1381 1630 aliquantillum

299 1631 441 1706 allatura
466 1629 681 1716 viderentur,
706 1655 924 1728 apponerem.
977 1629 1201 1730 Quapropter
1223 1660 1266 1705 ne
1291 1634 1381 1735 quid

295 1732 332 1804 in
357 1732 421 1805 hac
448 1730 597 1804 editione
620 1730 872 1804 desideraretur
896 1759 914 1803 a
943 1731 1078 1806 curioso
1106 1731 1249 1822 lectore,
1278 1763 1297 1808 a
1324 1763 1381 1808 me

297 1833 474 1934 impetravi
498 1832 652 1933 quamvis
679 1860 791 1930 aegre,
815 1850 853 1905 nt
879 1832 979 1905 etiam
1003 1833 1100 1908 Galci
1123 1853 1280 1909 notarum
1303 1863 1380 1910 mo-

296 1934 361 2008 lem
388 1934 593 2032 indigestam
624 1952 656 2008 et
682 1936 824 2009 crudam
846 1932 1042 2024 adimerem,
1066 1964 1136 2010 non
1166 1955 1277 2012 tamen
1303 1965 1380 2012 ser-

298 2039 386 2110 ratis
410 2064 547 2138 quoqne
573 2037 649 2111 loco
677 2036 824 2111 auctoris
849 2038 981 2124 verbis,
1012 2037 1074 2110 sed
1102 2036 1153 2112 rel
1183 2042 1394 2129 contractis,

296 2138 348 2212 rel
370 2138 490 2212 leniter
512 2138 660 2212 mutatis.
711 2140 888 2211 Postremo
909 2138 1110 2229 notandum,
1135 2141 1171 2212 in
1188 2141 1272 2215 locis
1291 2144 1379 2215 Cor-

297 2241 372 2312 nuti
399 2239 546 2313 citandis
573 2238 726 2312 Galeana
761 2239 910 2312 editione
943 2241 1109 2314 utendum
1144 2241 1227 2314 milri
1259 2244 1379 2334 luisse,

299 2343 396 2415 coins
428 2341 572 2440 paginas
604 2340 640 2412 in
674 2339 830 2436 margine
864 2341 1074 2416 exhibendas
1107 2345 1239 2432 curavi,
1273 2361 1377 2446 atque

298 2443 360 2518 ubi
384 2443 420 2518 iu
443 2441 666 2518 adnotatione
688 2441 807 2516 critice
828 2471 905 2515 cunr
926 2442 1113 2518 Villoisono
1134 2447 1377 2546 compendiose

297 2549 396 2620 Eud.
420 2543 626 2644 scripserim,
650 2544 847 2643 superiores
869 2545 1037 2619 editiones
1055 2551 1314 2638 consentientes,
1339 2551 1375 2622 in

298 2645 420 2748 primis
442 2674 522 2720 vero
548 2645 735 2718 Galeanam
763 2643 918 2743 intelligi.
976 2647 1093 2722 llestait
1127 2651 1308 2740 adnotare,
1346 2652 1376 2724 si

298 2749 436 2849 quidem
462 2748 517 2822 hic
538 2746 626 2821 liber
647 2774 687 2821 ex
713 2747 872 2820 manibus
899 2748 1026 2820 nostris
1052 2750 1168 2848 paullo
1192 2753 1378 2827 correctior

298 2877 392 2923 nunc
423 2850 559 2949 prodit,
596 2849 634 2922 id
657 2847 788 2922 Alberti
816 2849 923 2936 Lino,
960 2848 1049 2924 Phil.
1075 2853 1137 2927 Dr.
1171 2856 1376 2952 Gottingen-

297 2952 363 3038 sis,
397 2979 465 3052 qua
490 2949 701 3054 provinciam
727 2949 794 3024 sibi
827 2949 1087 3041 demandatam,
1121 2953 1277 3052 plagulas
1304 2959 1376 3030 sin-

296 3053 394 3154 gulas
427 3055 601 3130 erroribus
632 3081 813 3154 operarum
845 3051 1080 3144 emaculaudi,
1117 3055 1377 3149 administravit,

298 3157 494 3254 diligentiae
522 3156 657 3244 deberi,
692 3157 746 3230 cui
781 3183 821 3228 eo
851 3157 997 3229 maiores
1027 3184 1047 3230 a
1072 3184 1127 3230 me
1158 3160 1287 3256 gratiae
1312 3160 1376 3235 ha-

298 3257 432 3332 bendae
456 3275 554 3344 sunt,
589 3285 658 3358 quo
685 3257 731 3330 in·
745 3255 1042 3332 observationibus
1066 3256 1143 3334 aliis
1166 3263 1374 3362 quibusdam

297 3359 409 3434 bonae
434 3357 526 3457 frugi
553 3357 747 3432 humaniter
768 3385 900 3433 mecum
933 3362 1229 3457 communicandis
1257 3393 1374 3466 prom·
1467 3361 1468 3374 ¹

299 3461 391 3562 ptior
416 3460 490 3532 luit.
521 3474 523 3482 '

374 3561 486 3636 Scrib.
511 3558 633 3634 Gissae
658 3559 847 3636 Februario
874 3579 1019 3636 exeunte
1041 3563 1316 3640 Mucccxtlv.

674 3881 1007 3916 m
