2818 4860
448 361 683 442 4511-

28 559 175 608 created
193 551 323 624 gignun-
352 549 482 631 quodque
502 551 679 630 ret-operibus
698 563 858 612 neutrarum
878 555 983 610 nrtdun
1005 539 1105 610 nonnus

27 648 150 729 efficiat,
176 649 208 708 id
228 651 313 710 multo
333 649 510 732 artificibsius
530 665 664 713 naturam
686 651 815 732 efficere,
844 653 875 712 id
896 663 952 725 eet,
984 663 1014 712 ut
1035 653 1105 728 dixi,

27 756 116 826 ignem
138 749 340 832 artificiosum,
370 759 535 830 magistrum
557 762 661 816 attium
682 757 853 836 reliquarum
875 750 925 835 (ut
944 753 1033 812 Zeno
1054 772 1106 813 eu-

27 871 85 930 pra
106 849 251 913 laudatus
273 849 356 931 apud
379 852 546 915 Stobneum
565 853 591 936 ¹)
612 853 688 916 dicit
709 849 749 919 ed
771 849 925 940 τεχνικὸν
948 854 1019 936 πῦρ
1040 873 1106 916 eene

29 951 156 1038 φύσιν).
200 955 292 1039 Atque
312 958 368 1018 dae
388 959 498 1040 quidem
515 963 630 1033 ratione,
652 954 755 1038 inquit
773 955 856 1018 idem
872 955 998 1032 Beibue,
1020 964 1107 1019 omnis

27 1067 133 1117 natura
153 1057 308 1138 nrtficiesa
330 1073 379 1138 est,
400 1064 477 1143 qnod
497 1063 581 1122 liniet
601 1065 688 1143 quasi
697 1062 935 1143 etern'qnnndnm
950 1071 1106 1136 eteoclem,

27 1181 114 1240 quam
131 1173 277 1242 sequetur.
330 1165 422 1244 Ipsius
448 1184 512 1223 vere
541 1164 653 1239 emendi,
683 1167 734 1245 qui
761 1169 856 1224 emnia
883 1165 1029 1244 complexu
1056 1187 1107 1224 suu

28 1268 133 1323 cu'e'rcet
154 1275 181 1324 et
203 1271 335 1340 continet,
356 1276 462 1324 netum
482 1285 536 1325 non
558 1264 714 1343 artificr'mn
734 1266 840 1340 selum,
862 1266 913 1326 sed
930 1267 1015 1346 piane
1035 1273 1107 1330 niti·

19 1361 77 1441 sen·
98 1364 136 1422 ab
159 1364 256 1424 nedem
282 1367 393 1425 Zenone
421 1367 540 1442 dicitur,
571 1368 739 1442 coeundi-ix,
769 1377 796 1427 et
817 1368 938 1447 provida
959 1371 1107 1430 utilitatum

28 1472 318 1548 opportunitatemque
343 1471 474 1528 emnium.
527 1467 586 1527 Hie
614 1467 702 1530 videe
728 1468 813 1529 inter
841 1477 984 1530 neturem
1012 1467 1109 1532 mriti-

27 1566 153 1643 rioeam,
174 1567 340 1628 habentem
362 1568 443 1632 viem
466 1567 621 1651 quendem
641 1583 673 1632 et
693 1585 816 1649 uectem,
839 1591 932 1653 qnam
949 1581 1107 1652 sequetur,

28 1680 59 1729 et
83 1667 165 1729 inter
190 1679 333 1731 naturam
356 1669 475 1750 muudi,
505 1670 537 1735 id
560 1685 617 1751 eet,
640 1675 760 1736 animae
782 1674 901 1753 mundi,
922 1693 987 1736 nun
1008 1674 1107 1736 artifi-

28 1770 142 1831 cioeem
164 1773 281 1849 solum,
311 1770 365 1834 eed
387 1795 482 1855 quam
504 1789 655 1858 eequetur
677 1791 789 1839 nutura
810 1775 992 1854 artificiosa,
1024 1776 1107 1838 idem

28 1871 195 1934 discrimen
223 1883 360 1935 statuere
386 1877 565 1955 Zenonem,
594 1878 680 1959 quod
701 1878 838 1958 Spinezn
860 1880 943 1940 inter
965 1889 1107 1938 naturam

28 1989 203 2036 naturatum
232 1987 264 2037 et
293 1989 436 2039 naturam
465 1990 672 2043 naturantem.
716 1980 840 2042 Scilicet
868 1993 979 2043 nature
1009 1978 1110 2040 ertiii·

28 2080 111 2140 einen
133 2089 180 2140 eet
201 2079 331 2140 materie
352 2080 395 2141 ite
416 2102 435 2141 n
456 2079 516 2142 deo
538 2081 662 2161 edecta,
687 2095 721 2145 ut
745 2095 828 2145 creet
850 2095 882 2146 et
904 2083 1025 2163 gignet3
1055 2103 1110 2143 ne·

28 2192 101 2241 tura
123 2192 227 2241 eutem
250 2180 366 2244 artifex
387 2193 434 2246 eet
459 2179 477 2249 d
498 2187 536 2249 ἐν
559 2182 624 2270 ὕλῃ
645 2180 757 2270 λόγος,
777 2181 815 2250 ro*
839 2189 977 2265 ποιοῦν,
998 2184 1030 2246 id
1052 2195 1109 2262 eet,

26 2286 110 2346 rntio
134 2285 165 2347 in
188 2286 319 2347 materie
339 2285 442 2363 ineite,
464 2283 540 2347 deue
563 2285 677 2366 inciens
700 2298 730 2347 et
752 2285 899 2350 nuturem¹
910 2287 1107 2350 artificiosam

27 2389 73 2450 ita
95 2387 249 2466 efficiere,
279 2399 314 2449 ut
335 2389 434 2469 poerit
456 2409 561 2450 creare
584 2400 616 2450 et
636 2388 772 2468 gignere.
821 2388 884 2465 Qui
907 2389 1034 2473 quidem
1057 2411 1108 2452 eu·

27 2510 155 2570 premnt
178 2489 254 2552 dene
277 2489 360 2552 haud
382 2490 461 2553 eiius
482 2501 529 2552 eet
551 2493 590 2552 ab
612 2493 748 2569 aethere,
772 2511 865 2573 quem
888 2493 992 2556 lovem
1016 2492 1109 2556 tuisse

29 2591 147 2654 dictum
168 2612 264 2672 eupre
285 2591 520 2654 declaravimus.

115 2694 237 2756 Deinde
259 2715 346 2773 cum,
368 2693 469 2756 nteit
491 2693 607 2755 Seneca
623 2692 669 2778 ⁹),
691 2701 830 2774 permeet
852 2694 891 2754 eb
913 2692 1039 2753 aethere
1061 2693 1109 2752 lu·

28 2796 184 2861 cidieeimo
206 2803 273 2875 ne'r,
295 2799 330 2859 in
353 2809 470 2859 terrent
491 2815 591 2880 usque
612 2794 757 2874 diffueue,
780 2796 893 2876 egilior
915 2793 1041 2877 quidem
1062 2805 1109 2856 te-

26 2901 184 2984 nuiorque
205 2912 236 2962 et
257 2901 352 2962 altior
374 2899 476 2977 terrie,
497 2919 554 2960 nee
569 2899 672 2962 minue
690 2898 789 2983 aquis,
811 2910 966 2960 caeterum
981 2896 1108 2958 eetitere

26 3004 159 3084 epieeior
182 3003 388 3086 graviorque,
420 3021 569 3084 cumque,
598 3013 634 3063 ut
661 3001 707 3062 eit
733 2998 815 3062 idem
842 2999 958 3062 ibidem
982 2998 1112 3078 Seneca,

26 3125 148 3168 tumme
177 3125 250 3186 pare
279 3107 346 3168 eiue
373 3105 413 3168 eit
443 3103 608 3167 eiecieeime
638 3103 901 3184 cniidieeimeque,
934 3113 966 3164 et
987 3104 1029 3164 ub
1049 3103 1108 3163 hee

27 3210 123 3271 etium
145 3207 325 3270 tenuieeime
346 3218 480 3288 propter
499 3207 645 3270 viciniam
666 3218 866 3268 aeternorum
884 3204 1013 3284 ignium,
1033 3203 1107 3268 dum

26 3322 138 3372 contre
168 3330 240 3390 pere
268 3309 329 3370 ime
357 3322 389 3371 et
420 3309 521 3372 vicine
550 3310 661 3388 terrie,
694 3308 788 3370 denen
810 3320 842 3370 et
864 3307 1030 3388 caliginosa
1052 3319 1108 3385 eet,

26 3413 101 3474 hine
124 3411 222 3474 Stoici
244 3431 392 3474 eummem
416 3413 495 3474 ne'rie
517 3425 656 3494 purtem,
678 3417 827 3489 Iunonem,
847 3410 942 3472 iurem
962 3415 1108 3475 Plutonem

26 3516 197 3591 vocabunt3
225 3514 366 3597 qunmvie
389 3526 521 3596 utreque
543 3535 614 3594 pare
637 3534 677 3575 ex
700 3513 809 3576 eodem
834 3511 989 3575 communi
1011 3513 1108 3589 fonte,

24 3617 59 3678 id
78 3630 134 3695 eet,
156 3617 312 3678 communi
333 3629 446 3680 nature
466 3615 647 3696 proflueret.
689 3614 782 3679 Unde
804 3614 1000 3696 Chrysippus
1022 3611 1106 3694 apud

27 3718 210 3780 Ciceronem
225 3718 263 3802 ⁵),
284 3732 450 3802 postquem
471 3718 575 3796 ignem
596 3729 627 3779 et
646 3721 773 3779 aethera
795 3717 887 3778 deum
910 3715 1001 3792 dixit,
1022 3713 1106 3775 idem

25 3839 156 3902 quoque
178 3820 288 3882 tribuit
312 3841 424 3882 nornen
446 3841 555 3904 equae,
581 3831 683 3883 terrae
704 3832 735 3880 et
756 3820 833 3895 ee'ri,
854 3838 933 3901 quae
956 3815 1031 3878 dicit
1052 3837 1108 3878 nn·

26 3933 98 3982 ture
120 3921 217 3984 fluere
239 3935 333 4004 utque
355 3945 490 3985 munere.
541 3921 592 3984 Sic
618 3933 649 3982 et
671 3919 829 4003 Cornutus
844 3919 889 4004 4),
921 3922 1029 4007 ῥυεῖσα
1059 3923 1108 3993 eie
1213 3979 1221 3992 ,

98 4134 130 4203 1)
147 4131 203 4190 Eat.
220 4133 293 4208 phys.
314 4157 340 4209 p.
358 4139 402 4192 tt.
585 4137 615 4206 2)
633 4135 742 4206 Queeet.
759 4145 815 4190 net.
828 4135 860 4202 ll,
880 4138 922 4189 tu.

98 4222 129 4293 3)
147 4221 190 4278 De
205 4221 239 4278 N.
258 4224 293 4280 D.
312 4224 331 4292 Ι,
350 4227 394 4280 15.
586 4227 618 4296 4)
637 4224 702 4298 Cup.
720 4227 747 4281 3.
764 4224 797 4280 de
817 4224 919 4282 lunone
937 4245 965 4300 p·
982 4227 1043 4280 m.
